5000 7050
543 1089 607 1155 ers
1191 1069 1402 1150 uluooqu

588 1371 635 1433 De
659 1370 734 1454 iiij‘·
754 1377 853 1453 porte·
870 1390 925 1433 un.
941 1371 965 1434 f.
982 1391 1026 1434 m.
1048 1370 1083 1432 in
1106 1370 1334 1435 Fruuruorrsu
1359 1375 1394 1432 et
1418 1369 1561 1445 luceru,
1588 1388 1684 1452 quam
1708 1366 1849 1431 Thomas
1876 1364 2048 1430 Snertford

545 1459 707 1542 quondam
722 1459 840 1522 tenuit.
875 1456 985 1520 Nichil
999 1455 1064 1535 hic,
1079 1477 1117 1519 eo
1132 1458 1217 1542 quod
1232 1461 1382 1520 tenentes
1397 1456 1598 1540 ignorantur,
1614 1462 1646 1518 et
1662 1455 1748 1540 quod
1764 1455 1844 1518 dicti
1860 1454 2047 1517 collectores

542 1545 678 1697 3211}an
686 1545 865 1609 subsidium
882 1545 1002 1608 ibidem
1019 1544 1208 1609 levaverunt
1223 1549 1285 1609 etc.
1309 1540 1513 1631 [consensui]
1553 1541 1734 1606 Ouerentur
1749 1563 1843 1626 super
1857 1547 2046 1625 compotum

588 1770 637 1833 De
662 1771 851 1834 tenentibus
878 1776 1034 1834 terrarum
1058 1770 1219 1857 quondam
1246 1769 1393 1853 Philippi
1418 1769 1458 1832 de
1486 1769 1592 1852 Kyme
1619 1791 1674 1853 pro
1696 1767 1771 1852 iiij‘·
1785 1773 1875 1853 perte
1898 1789 1953 1832 un.
1971 1766 1993 1832 f.
2010 1767 2043 1828 in

547 1858 652 1925 Ssxsr
667 1862 701 1921 et
718 1859 969 1926 Srsrouruorou
1040 1899 1050 1910 -
1141 1899 1152 1911 ·
1201 1857 1205 1862 ’
1243 1894 1863 1909 -------
1952 1855 2044 1920 rud.

587 1996 635 2060 Dc
661 1996 843 2060 tenentibus
868 2004 1025 2060 terrarum
1048 1996 1211 2082 quondam
1228 1995 1384 2060 Willelmi
1411 1998 1451 2060 de
1478 1996 1631 2080 Heuerby
1646 2016 1705 2080 pro
1732 2019 1762 2060 x.
1778 2001 1869 2080 perte
1896 2017 1951 2059 uu.
1968 1994 1991 2058 f.
2008 1995 2043 2055 in

544 2084 748 2166 Herrwosrrr.
794 2083 825 2145 N
827 2082 917 2162 ichil‚
933 2086 1010 2169 quis
1023 2092 1136 2148 contra
1150 2091 1212 2149 eto.

588 2223 635 2284 De
650 2222 815 2286 Willelmo
830 2222 1011 2307 Dewbeney
1027 2244 1083 2307 pro
1099 2244 1154 2288 un.
1171 2225 1194 2287 f.
1211 2223 1246 2285 in
1262 2222 1411 2288 Iucuusr
1437 2229 1470 2285 et
1487 2223 1603 2300 Smer,
1632 2221 1675 2284 v“
1700 2227 1793 2306 parte
1818 2227 1852 2285 et
1878 2230 1928 2283 oo·
1951 2223 2044 2302 parte

543 2314 688 2393 excepte,
703 2311 788 2394 quod
802 2308 940 2374 Thomas
955 2311 995 2374 de
1010 2311 1141 2374 Multon
1155 2311 1317 2394 quondam
1332 2311 1440 2373 tenuit
1551 2350 1562 2360 -
1654 2352 1664 2362 ·
1754 2351 1765 2361 -
1857 2329 1886 2374 v.
1894 2329 1921 2373 s.
1938 2307 2043 2390 iiij.d.

586 2445 636 2508 De
650 2447 756 2529 priore
772 2447 813 2510 de
828 2447 954 2511 Nooton
969 2467 1025 2529 pro
1040 2445 1084 2509 sd·
1104 2451 1195 2531 perte
1220 2447 1265 2511 di.
1283 2447 1306 2511 s.
1323 2449 1358 2509 in
1383 2447 1537 2531 predictis
1563 2447 1661 2526 villis,
1685 2468 1783 2534 quem
1810 2447 2045 2531 predecessores

544 2535 594 2596 sui
611 2534 773 2618 quondam
789 2540 976 2599 tenuerunt.
1022 2534 1144 2613 Nichil,
1159 2536 1236 2619 quic
1250 2539 1361 2597 contre
1375 2540 1437 2599 etc

587 2672 637 2737 De
652 2674 754 2754 priore
768 2673 809 2736 de
826 2673 974 2754 Cetteley
988 2694 1045 2757 pro
1061 2674 1106 2736 vu
1126 2678 1217 2757 perte
1231 2674 1277 2738 di.
1295 2672 1317 2738 f.
1335 2675 1370 2736 in
1393 2672 1548 2756 predictis
1564 2673 1662 2752 villis,
1685 2695 1782 2759 quam
1809 2674 2045 2757 predecessores

544 2761 594 2821 sui
610 2761 771 2844 quondam
788 2765 973 2825 tenuerunt.
1018 2760 1049 2822 N
1051 2760 1140 2837 iohil,
1156 2762 1232 2845 quis
1246 2765 1358 2825 contre
1374 2768 1435 2825 etc.

587 2896 636 2960 De
650 2899 767 2962 abbate
782 2901 822 2963 de
837 2899 1015 2982 Barlynges
1031 2920 1086 2981 pro
1101 2899 1146 2962 di.
1163 2899 1187 2962 f.
1204 2899 1237 2960 iu
1256 2899 1429 2965 Gssusrorr
1445 2900 1609 2974 Perseus,
1625 2899 1709 2984 quod
1734 2899 1968 2982 predecessores
1993 2899 2044 2961 sui

542 2985 704 3156 pipopdieipp
714 2993 920 3139 dtenuerunt.
966 2984 1086 3064 Nichil,
1116 2987 1192 3070 quie
1221 2986 1411 3049 decimabile
1447 2982 1650 3072 [carneadem.
1697 2988 1970 3070 Superonerontur
2003 2985 2045 3048 de

587 3210 637 3273 De
666 3211 855 3275 tenentibus
883 3217 1041 3276 terrerum
1071 3211 1234 3296 quondam
1264 3211 1434 3275 Benedicti
1465 3211 1586 3276 Bcrton
1613 3234 1670 3297 pro
1697 3222 1732 3278 Χ·
1758 3217 1849 3297 perte
1876 3233 1931 3276 uu.
1957 3211 1981 3276 f.
2006 3212 2042 3274 in

544 3299 698 3364 Rerum.
743 3298 864 3377 Nichil,
879 3301 954 3384 quie
969 3305 1080 3362 contra
1095 3304 1158 3365 etc.

587 3436 637 3499 De
665 3438 852 3501 tenentibus
879 3443 1037 3501 terrarum
1069 3438 1230 3523 quondam
1255 3438 1412 3501 willelmi
1442 3438 1474 3500 la
1500 3437 1577 3522 Syre
1600 3459 1658 3522 pro
1688 3450 1722 3504 x*
1750 3443 1841 3523 perte
1872 3459 1927 3503 uu.
1959 3438 1983 3503 f.
2009 3439 2044 3500 in

547 3526 735 3593 sorssors.
780 3524 902 3605 Nichil,
917 3529 994 3612 quia
1008 3534 1121 3591 contra
1136 3532 1197 3591 etc.

588 3665 637 3728 De
650 3665 766 3729 abbate
781 3664 821 3728 de
837 3665 1015 3750 Barlyngcs
1030 3683 1087 3751 pro
1102 3688 1158 3731 un.
1175 3668 1198 3731 f.
1215 3669 1249 3730 in
1268 3667 1455 3745 Srrorrsosu,
1469 3666 1554 3750 quod
1569 3666 1801 3749 predecessores
1816 3668 1864 3729 sui
1881 3667 2044 3753 quondam

544 3758 735 3817 tenuerunt.
781 3752 902 3829 Nichil,
917 3755 994 3839 quie
1008 3754 1198 3818 decimabile
1220 3752 1423 3853 [cancellat]
1470 3752 1745 3837 Superonereutur
1760 3754 1801 3817 de
1817 3754 1894 3837 vj.s.
1910 3754 2020 3838 viij.d.

588 3891 637 3955 De
660 3891 847 3955 tenentibus
875 3898 1035 3956 terrerum
1063 3892 1226 3977 quondam
1250 3892 1383 3956 Roberti
1409 3891 1547 3955 Fremsn
1570 3913 1627 3975 pro
1656 3890 1731 3975 iiij*
1755 3898 1847 3975 parte
1874 3914 1929 3959 un.
1958 3894 1981 3959 f.
2009 3895 2046 3956 iu

545 3978 820 4044 Fsunruoworrru

588 4115 635 4179 De
651 4115 792 4180 Waltero
806 4116 956 4199 Tailboys
974 4138 1032 4201 pro
1059 4113 1133 4201 iiij‘·
1156 4125 1246 4199 parte
1271 4139 1325 4182 un.
1342 4120 1364 4181 f.
1382 4119 1415 4180 in
1443 4118 1728 4195 Frueruowosru,
1754 4138 1850 4201 quem
1876 4140 1981 4183 comes
2005 4120 2051 4184 dc'

544 4206 654 4287 Argos
669 4204 832 4288 quondum
847 4206 958 4268 tenuit

589 4343 636 4406 De
650 4363 708 4408 un.
723 4343 746 4407 f.
763 4364 807 4407 m.
824 4342 858 4405 in
875 4343 1058 4420 Beorruer‚
1087 4345 1172 4427 quod
1198 4344 1363 4408 comitisse
1386 4342 1553 4407 Lincolnic
1581 4344 1742 4428 quondam
1770 4344 1888 4408 tenuit.
1935 4344 2045 4409 Nrchil

544 4429 610 4507 hic,
625 4452 663 4493 eo
677 4431 763 4514 quod
777 4437 826 4493 est
841 4430 875 4491 iu
891 4450 990 4492 mauu
1006 4431 1100 4513 regis,
1117 4436 1157 4494 ut
1170 4432 1209 4494 de
1224 4432 1346 4494 ducatu
1362 4452 1419 4494 suo
1434 4432 1628 4509 Leucastrie,
1659 4431 1743 4493 sicut
1768 4432 1954 4496 continetur
1978 4439 2044 4500 etc.

552 4515 755 4605 [cancellch.
801 4516 1075 4600 Superouerantur
1090 4519 1131 4582 de
1146 4518 1223 4603 vj,.s
1240 4518 1349 4602 viij.d.
1744 4522 1745 4525 ’

994 4862 1107 4929 Frons
1129 4884 1272 4930 uouorrrs
1296 4862 1587 4931 LANGASTRIE.

589 5019 636 5084 De
650 5020 759 5106 aliquo
774 5020 916 5085 subsidio
931 5024 976 5088 di.
994 5026 1015 5089 f.
1031 5046 1074 5089 m.
1091 5033 1146 5087 xv²
1159 5028 1191 5088 et
1211 5024 1236 5085 1⁸
1258 5030 1347 5107 parte
1362 5043 1418 5085 un.
1430 5024 1452 5085 f.
1466 5028 1608 5104 excepta,
1622 5023 1656 5085 in
1673 5021 1948 5097 Grsrrreuurrrorrr‚
1958 5020 2044 5104 quod

544 5107 708 5172 Jobennes
725 5108 867 5171 Huudon
884 5111 1046 5195 quondam
1061 5115 1170 5175 tenuit
1185 5112 1317 5189 ibidem,
1332 5131 1397 5174 non
1412 5111 1621 5192 respondent,
1636 5130 1674 5172 eo
1689 5110 1775 5194 quod
1795 5108 1835 5171 de
1858 5107 2045 5170 tenentibus

544 5198 706 5278 ignorant,
737 5197 784 5260 ita
813 5198 898 5282 quod
934 5199 1062 5261 nullum
1093 5200 1278 5281 hujusmodi
1310 5197 1491 5261 subsidium
1521 5197 1709 5259 levaverunt
1739 5201 1802 5259 etc.
1839 5192 2044 5280 [correctiori]

546 5286 729 5347 Onerantur
743 5305 840 5368 super
854 5293 1042 5369 compotum
1057 5286 1097 5349 de
1111 5286 1181 5368 ijs.
1199 5287 1283 5350 ix.d.
1713 5334 1716 5343 ·

588 5420 637 5484 De
666 5422 815 5505 priorisse
844 5423 885 5485 de
915 5423 1028 5487 Cotom
1059 5443 1116 5505 pro
1139 5424 1187 5484 ix·
1213 5428 1306 5505 parte
1329 5430 1364 5486 et
1389 5433 1422 5487 rr⁸
1449 5427 1540 5506 perte
1567 5442 1623 5486 un.
1650 5421 1673 5486 i.
1700 5422 1735 5483 in
1762 5420 1936 5497 Swsuows,
1965 5438 2045 5503 ques

543 5510 779 5593 predecessores
794 5510 847 5572 sui
866 5507 939 5589 (sic)
957 5510 1118 5594 quondam
1133 5514 1319 5574 tenuerunt.
1365 5510 1395 5571 N
1398 5510 1486 5589 iohil,
1502 5510 1578 5596 quia
1594 5516 1706 5590 contre
1720 5514 1781 5571 eto.

585 5647 634 5711 De
647 5647 763 5711 abbate
776 5647 816 5710 de
831 5646 1012 5729 Grymesby
1026 5667 1084 5728 pro
1099 5647 1172 5730 viij⁸
1189 5652 1281 5731 parte
1293 5667 1348 5712 un.
1366 5649 1388 5713 f.
1402 5648 1435 5712 in
1454 5648 1735 5730 Swsuowrs,quam
1746 5644 1984 5728 predecessores
1996 5645 2046 5706 sui

541 5735 703 5819 quondam
718 5739 902 5797 tenuerunt.
948 5732 1067 5813 Nichil,
1084 5737 1161 5819 quis
1174 5741 1287 5799 contre
1301 5735 1437 5799 formam
1453 5740 1516 5799 etc.

584 5872 633 5935 De
647 5872 834 5935 tenentibus
848 5876 1006 5934 terrarum
1021 5874 1183 5957 quondam
1202 5872 1391 5961 [Willelmi]
1408 5874 1469 5937 filii
1486 5873 1619 5937 Roberti
1635 5893 1692 5956 pro
1714 5870 1763 5955 xj·
1784 5873 1875 5954 perte
1897 5888 1952 5933 uu.
1969 5868 1993 5935 f.
2011 5870 2047 5934 iu

545 5959 720 6027 Swruowr.
765 5956 887 6037 Nichil,
902 5960 978 6045 quia
991 5965 1104 6025 contra
1118 5969 1180 6027 etc.
