5000 7050
1197 1041 1315 1117 (177)

1104 1324 1203 1396 A.D.
1247 1324 1364 1396 1316.

964 1566 1079 1577 ...---

527 1728 704 1793 Edwardus
718 1728 780 1794 Dei
796 1729 906 1813 gracia
920 1748 976 1791 rex
992 1728 1118 1810 Anglie,
1128 1727 1279 1791 domiuus
1294 1727 1452 1792 Hibemie
1467 1734 1501 1795 et
1516 1728 1582 1793 dur
1592 1730 1791 1814 Aquitannie
1800 1728 1984 1793 vicecomiti

484 1817 651 1880 Liucolnie
667 1816 816 1881 salutem.
862 1814 945 1890 Quia
956 1816 1151 1899 quibusdam
1163 1817 1259 1879 certis
1274 1817 1315 1879 de
1330 1818 1435 1879 causis
1449 1818 1610 1881 certiorari
1623 1817 1843 1903 volumusque
1857 1822 1892 1880 et
1903 1820 1982 1900 quot

482 1904 649 1967 hundreda
668 1905 735 1967 sive
750 1901 971 1987 wapentachia
986 1912 1063 1966 suut
1077 1906 1112 1965 iu
1130 1904 1247 1966 balliva
1272 1908 1342 1979 tua,
1357 1912 1392 1967 et
1417 1925 1556 1987 quorum
1583 1909 1670 1984 sunt,
1696 1908 1729 1968 et
1756 1925 1819 1987 que
1844 1910 1876 1967 et
1902 1909 1982 1986 quot

482 1992 633 2056 civitates
645 1991 739 2075 burgi
750 1997 785 2055 et
793 1990 869 2053 ville
879 1994 955 2053 sunt
966 1991 1001 2053 iu
1009 1990 1157 2074 quolibet
1168 1988 1409 2054 hundredorum
1420 1991 1549 2054 illorum
1558 1992 1624 2055 aive
1634 1992 1940 2075 wapentachiorum.
1949 1995 1983 2054 et

483 2081 541 2165 qui
556 2083 634 2142 sunt
647 2079 771 2142 domini
787 2077 1045 2156 eorundem‚tibi
1060 2076 1257 2161 precipimus
1271 2077 1409 2141 firmiter
1425 2079 1636 2163 injungentes
1651 2078 1736 2163 quod
1752 2079 1856 2142 modis
1871 2084 1904 2141 et
1921 2079 1983 2139 viia

483 2166 645 2243 omnibus,
658 2165 776 2249 quibus
791 2165 922 2247 plenius
936 2170 971 2228 et
985 2164 1178 2249 diligentius
1193 2165 1326 2247 poteris,
1341 2171 1374 2229 te
1389 2167 1545 2229 informes
1560 2167 1600 2229 de
1615 2166 1801 2250 premissis;
1827 2165 1876 2229 ita
1897 2165 1984 2248 quod

483 2274 580 2338 super
606 2255 790 2338 proximum
816 2252 960 2336 profrum
985 2258 1081 2315 tuum
1105 2252 1146 2316 ad
1170 2254 1364 2315 scaccarium
1385 2258 1531 2316 nostrum
1548 2253 1783 2317 thesaurarium
1799 2260 1833 2316 et
1849 2253 1984 2316 barones

482 2346 609 2405 nostros
623 2341 663 2404 de
677 2340 790 2403 eodem
807 2340 963 2403 scaccario
984 2340 1086 2422 possis
1108 2338 1185 2403 inde
1210 2339 1337 2422 plenius
1362 2340 1546 2418 informare,
1573 2346 1607 2404 et
1633 2347 1672 2404 tu
1696 2342 1767 2425 ipse
1793 2341 1828 2403 in
1854 2341 1984 2423 propria

483 2448 619 2515 persona
633 2432 692 2491 tua
707 2428 750 2490 sis
765 2426 946 2490 addictum
962 2427 1155 2489 scaccarium
1171 2446 1269 2510 super
1284 2428 1466 2511 proximum
1482 2427 1626 2513 profrnm
1642 2432 1736 2491 tuum
1753 2448 1793 2491 ex
1808 2426 1866 2491 hac
1876 2448 1984 2503 causa,

483 2517 550 2581 nisi
575 2520 658 2579 tunc
683 2515 856 2579 licenciam
881 2534 901 2576 a
922 2512 1015 2576 nobis
1040 2512 1192 2577 habueris
1206 2514 1321 2577 absens
1336 2534 1417 2593 esse,
1434 2519 1469 2577 et
1484 2522 1563 2577 tunc
1578 2535 1635 2598 per
1651 2515 1758 2593 illum,
1774 2535 1874 2599 quem
1889 2534 1985 2596 super

484 2605 611 2668 dictum
626 2602 769 2686 profrum
794 2608 889 2664 tuum
915 2621 974 2683 pro
1000 2606 1034 2663 te
1061 2601 1186 2678 mittes,
1200 2602 1242 2664 ad
1266 2603 1462 2665 scaccarium
1488 2602 1673 2686 predictum
1697 2600 1934 2665 thesaurarium
1951 2608 1983 2665 et

485 2692 621 2756 barones
636 2690 799 2773 predictos
814 2689 856 2751 de
871 2688 1037 2771 premissis
1052 2688 1153 2751 facias
1168 2688 1297 2771 plenius
1312 2688 1495 2769 informare,
1513 2691 1560 2752 ita
1575 2689 1661 2773 quod
1676 2689 1710 2751 iu
1726 2696 1760 2752 te
1776 2689 1829 2751 vel
1844 2690 1878 2752 in
1902 2690 1982 2772 ipso,

485 2798 581 2864 quem
598 2798 655 2861 pro
671 2777 762 2840 lead
784 2777 910 2839 dictum
930 2776 1125 2838 scaccarium
1142 2777 1327 2855 simliter,
1343 2776 1490 2841 deiectus
1505 2776 1701 2861 aliquisnon
1717 2777 1911 2854 inveniatur,
1926 2796 1984 2860 per

484 2866 570 2951 quod
594 2864 635 2928 ad
661 2871 694 2927 te
719 2864 862 2948 graviter
887 2863 1063 2946 capiamus.
1109 2862 1154 2924 Et
1176 2860 1299 2926 habeas
1325 2862 1371 2925 ibi
1395 2861 1456 2927 hoc
1478 2865 1585 2929 breve.
1630 2863 1728 2927 Teste
1743 2884 1795 2927 me
1810 2866 1881 2948 ipso
1896 2863 1984 2947 apud

423 2966 426 2972 '
485 2953 632 3036 Clipston
646 2951 736 3014 vdie
754 2950 867 3013 Marcii
883 2969 1010 3017 annor.
1026 2970 1058 3012 u.
1076 2970 1172 3014 nouo.

536 3085 750 3177 [Endorred]
800 3086 961 3150 Execucio
975 3084 1075 3170 hujus
1089 3086 1195 3149 brevis
1209 3092 1301 3172 patet
1315 3089 1350 3151 iu
1365 3088 1492 3167 rotulis,
1500 3109 1579 3173 quos
1590 3090 1689 3152 mitto
1700 3109 1774 3151 cum
1787 3087 1986 3152 eodem-de

485 3177 671 3243 nominibus
685 3179 870 3254 civitatum,
885 3172 1202 3258 wappentachiorum
1214 3181 1248 3239 et
1258 3175 1409 3245 villarum
1425 3179 1599 3240 comitatus
1611 3176 1930 3239 Liucolnie-tamen
1947 3174 1986 3238 de

484 3264 670 3331 nominibus
698 3263 903 3326 dominorum
933 3260 1085 3324 villarum
1117 3262 1334 3344 predictarum
1365 3270 1496 3347 propter
1525 3263 1720 3328 brevitatem
1751 3263 1905 3346 temporis
1931 3264 1985 3326 die

483 3352 683 3436 recepciouis
703 3351 863 3433 presentis
887 3347 1046 3427 mandati,
1074 3348 1229 3413 videlicet
1253 3352 1287 3412 in
1315 3350 1427 3435 vigilia
1454 3350 1566 3413 Ramis
1590 3350 1793 3423 Palmarum‚
1817 3350 1986 3413 commodo

485 3440 610 3506 curiam
624 3439 795 3502 certiorare
809 3456 875 3500 non
889 3438 995 3520 potui,
1010 3442 1060 3499 set
1073 3438 1157 3500 citra
1171 3443 1237 3500 tres
1253 3440 1451 3521 septimanas
1467 3436 1590 3501 Pascha
1605 3438 1734 3523 plenius
1748 3437 1945 3501 certificabo.

508 3653 670 3806 ἩΝὲιιιίὶιιιο,
684 3649 999 3735 nappeutaclriorum
1026 3655 1060 3712 et
1082 3651 1232 3714 villarum
1259 3651 1294 3713 in
1318 3652 1478 3714 comitatu
1508 3651 1675 3715 Liucolnie
1706 3655 1822 3735 patent
1852 3651 1988 3714 inferius

484 3761 682 3807 meoe-

725 3929 765 3994 In
789 3925 1469 3994 SUTHRITHINGO—Warrunracrrrun
1493 3948 1536 3992 nn
1560 3927 1753 3994 LUDESK.

749 4065 855 4130 Luna.

746 4152 908 4217 Mmrnar
922 4155 955 4214 et
971 4151 1152 4216 Ramuunr.

748 4240 907 4306 Wsurou.

747 4326 919 4392 Wrrncac.

748 4414 969 4478 Yannauaorr.

749 4501 944 4567 Garuounr.

749 4589 908 4652 Haemon.

691 4674 695 4683 '
749 4675 967 4739 Trruuwunn.

748 4762 966 4828 Auvrnonru.

749 4850 924 4916 Surreaorr.

696 4969 702 4984 ·
748 4937 865 5002 Nonrrr
881 4935 1017 5001 Rrsron.

748 5023 996 5088 Mamurram.

748 5112 916 5175 Fauroan.

749 5199 965 5262 Romanurn.

747 5285 1008 5350 Bnaaauauanrr.

748 5372 995 5439 (innumeros.
1064 5405 1068 5414 ·

747 5457 881 5525 Garron
898 5455 1027 5522 Cannar
1041 5461 1076 5520 et
1090 5456 1364 5524 Garrrraurrroar.

747 5546 957 5610 Haurnoron.

748 5634 857 5698 Parra
872 5629 1058 5709 ceraunon.

748 5720 968 5786 Bramme·

748 5807 990 5875 Gannrrrrrour.

749 5893 974 5962 Sonaacorns.
