5000 7050
1142 1071 1223 1138 Ab.
1248 1074 1343 1138 1428.
1923 1073 1986 1139 295

526 1353 576 1417 De
592 1353 717 1440 Rogero
732 1356 931 1422 Wentworih
948 1379 1004 1443 pro
1019 1359 1099 1447 iiijt·
1119 1365 1212 1444 parte
1227 1359 1446 1443 predictorum
1458 1358 1497 1443 ij.
1514 1356 1537 1422 f.
1553 1363 1587 1420 et
1602 1337 1648 1422 di.
1665 1357 1787 1421 ibidem
1896 1359 1986 1462 mod.
2038 1327 2040 1330 Ι

465 1550 467 1553 .
528 1489 576 1552 De
598 1491 715 1557 abbate
741 1492 782 1557 de
803 1493 990 1560 Tbometon
1015 1517 1072 1581 pro
1093 1517 1150 1563 un.
1167 1497 1191 1562 f.
1214 1497 1249 1560 in
1275 1495 1546 1576 KsLYNGHOLME,
1571 1496 1656 1580 quod
1677 1493 1914 1579 predecessores
1937 1495 1988 1558 sui

483 1578 861 1755 pmppnpaffijippuerunt.
906 1582 1029 1662 Niebil,
1057 1585 1133 1670 quie
1162 1583 1356 1648 decimabile
1392 1580 1595 1670 [cancellod].
1641 1581 1919 1666 Superonerantur
1944 1582 1985 1645 de

525 1801 574 1866 De
588 1803 706 1870 abbeie
721 1807 761 1871 de
775 1807 806 1870 N
808 1808 930 1872 euboue
944 1829 1002 1892 pro
1017 1808 1062 1874 di.
1078 1808 1101 1875 f.
1117 1807 1238 1873 ibidem
1255 1813 1316 1874 etc.
1335 1811 1384 1890 (as
1399 1809 1434 1873 in
1445 1809 1593 1892 previous
1609 1810 1725 1888 enim).

525 1939 575 2006 De
589 1942 706 2008 abbate
720 1944 761 2009 de
773 1946 958 2011 Thorncton
973 1967 1031 2030 pro
1045 1946 1090 2012 di.
1106 1946 1130 2012 f.
1146 1945 1268 2010 ibidem
1285 1948 1348 2010 etc.
1368 1949 1415 2025 (os
1432 1946 1466 2010 in
1478 1945 1627 2028 previous
1643 1948 1758 2026 cuiry).

526 2077 575 2142 De
590 2078 717 2166 Rogerc
731 2082 932 2148 Weniworih
948 2105 1006 2168 pro
1020 2084 1072 2170 iij·
1095 2090 1185 2168 parte
1200 2104 1257 2150 un.
1269 2083 1292 2150 f.
1302 2085 1337 2146 in
1353 2082 1616 2149 Kmmcnoms
1631 2088 1666 2144 et
1681 2081 1865 2161 GoUsflrm,
1887 2103 1985 2166 quam

480 2162 625 2250 Rogems
639 2168 679 2233 de
695 2169 844 2235 Goushiil
859 2172 1022 2257 quondam
1038 2174 1146 2236 tenuit
1207 2208 1624 2224 ·····
1712 2168 1783 2254 513⁸·
1800 2169 1874 2255 iid-
1890 2173 1937 2235 Ob·
1953 2179 1987 2254 Ψ

524 2304 574 2368 De
587 2307 773 2372 tenentibus
786 2314 946 2372 terrarum
961 2309 1124 2394 quondam
1140 2306 1297 2392 Stephani
1312 2309 1353 2372 de
1369 2307 1495 2391 Keleby
1510 2305 1696 2370 tenentibus
1710 2311 1828 2370 terram
1843 2327 1936 2370 suam
1951 2308 1986 2370 in

482 2388 634 2470 Kornos,
649 2398 701 2458 set
713 2397 858 2459 nescitur
872 2417 930 2481 pro
944 2403 1077 2483 quanio.
1684 2428 1687 2434 v
1953 2419 1956 2426 ·

525 2529 575 2593 De
589 2531 777 2595 tenentibus
791 2537 949 2596 terrerum
967 2533 1129 2618 quondam
1145 2533 1288 2597 Matilde
1302 2532 1344 2596 de
1359 2533 1505 2614 Avereyn
1520 2499 1578 2615 pro
1593 2529 1651 2618 vij.
1669 2530 1816 2615 pertibus
1838 2552 1894 2596 un.
1910 2534 1933 2598 f.
1950 2535 1984 2597 in

484 2615 640 2684 Scor-rom
684 2618 716 2681 N
717 2617 796 2682 iobii
815 2618 882 2698 hic,
905 2641 944 2685 eo
959 2621 1045 2706 quod
1071 2620 1201 2685 feodum
1215 2622 1393 2705 ignoretur,
1409 2640 1446 2682 ac
1459 2639 1515 2702 pro
1530 2639 1569 2682 eo
1583 2618 1669 2704 quod
1684 2619 1786 2685 iidem
1801 2619 1986 2685 collectores

481 2708 543 2768 eie.
565 2700 769 2792 [cormelied]⁸
815 2705 998 2771 Onerentur
1012 2729 1108 2792 super
1123 2715 1311 2792 compotum
1326 2706 1367 2771 de
1382 2725 1444 2772 vo.
1460 2708 1529 2772 md.

525 2838 577 2906 De
601 2841 747 2908 Jobenne
771 2843 914 2929 Turney,
936 2843 1075 2908 Ricardo
1097 2845 1272 2928 Perteney,
1297 2853 1330 2910 et
1357 2842 1505 2908 Johsnne
1530 2840 1715 2926 Gunthorp,
1740 2843 1796 2929 qui
1811 2845 1986 2928 sepersiim

481 2931 595 2991 tenent
610 2930 713 3016 iiijim
728 2936 852 3014 partem
868 2952 923 2997 un.
939 2933 962 2997 f.
977 2935 1012 2996 in
1027 2932 1221 3013 Nossflom’,
1236 2931 1399 3016 quondam
1415 2930 1565 2994 Niohclei
1579 2931 1620 2994 de
1636 2929 1728 2996 Hele.
1773 2931 1896 3009 Nicbil,
1910 2933 1987 3018 quie

482 3015 590 3079 minos
610 3015 690 3105 iiiii·
710 3024 803 3102 parte
818 3025 882 3085 etc.

431 3143 437 3150 ’
523 3151 573 3215 De
598 3155 787 3219 tenentibus
820 3161 982 3220 terrarum
1017 3156 1180 3242 quondam
1204 3155 1364 3221 Jobannis
1396 3154 1501 3220 Cobbe
1526 3175 1584 3240 pro
1611 3153 1671 3242 vji·
1701 3159 1793 3240 parte
1818 3176 1873 3224 un.
1900 3156 1923 3224 f.
1950 3156 1986 3220 in

486 3237 656 3308 Operum.
701 3242 822 3324 Niohil,
840 3245 916 3329 quia
930 3248 1044 3308 contra
1059 3249 1121 3310 eto.

480 3378 575 3529 BDe
597 3379 754 3446 Nicholeo
775 3380 916 3465 Segreve
938 3403 995 3467 pro
1016 3381 1096 3470 ffijs.
1116 3385 1210 3466 perte
1233 3402 1289 3448 un.
1312 3381 1336 3448 f.
1359 3381 1394 3444 in
1416 3379 1609 3459 Dursmb,
1634 3381 1797 3468 quondam
1829 3381 1988 3537 mannis

510 3486 610 3552 ayous
681 3506 1809 3522 ............
1897 3491 1947 3538 χχ,
1979 3519 1986 3539 ,

748 3606 915 3673 feodorum
925 3630 1008 3675 r-v.
1026 3607 1049 3673 f.
1064 3608 1115 3695 iij.
1131 3612 1236 3693 quart.
1252 3609 1451 3691 octogesima
1466 3627 1538 3692 pare
1553 3611 1588 3672 et
1603 3617 1712 3675 cccxx·
1733 3628 1815 3693 pare.
1831 3609 1855 3677 f.

586 3649 723 3717 summ
748 3694 952 3761 denariorum
963 3696 1156 3763 r-mix.s.
1172 3695 1282 3783 viijd.
1299 3696 1346 3762 Ob·
1364 3703 1409 3779 θ’·

930 3933 1044 4001 From
1068 3933 1226 4002 ΤΗΟΜΕ
1250 3932 1313 4000 DE
1339 3931 1544 4002 GRISLEY.

523 4068 572 4132 De
586 4068 775 4133 tenentibus
791 4074 951 4134 terrerum
966 4071 1131 4156 quondam
1145 4070 1313 4155 Rodulpbi
1328 4070 1369 4134 de
1384 4069 1531 4154 Welwyk
1553 4090 1611 4154 pro
1626 4069 1701 4155 viij·
1723 4072 1814 4152 peric
1836 4088 1892 4135 un.
1910 4070 1934 4137 f.
1951 4070 1984 4133 in

481 4155 672 4221 Burnum.
716 4155 840 4232 Nichil,
855 4157 931 4243 quia
947 4163 1059 4222 contre
1074 4163 1136 4225 sic.

523 4294 573 4359 De
598 4294 786 4359 tenentibus
809 4299 968 4361 terrarum
995 4296 1157 4382 quondam
1173 4294 1314 4361 Giiberti
1329 4295 1371 4359 de
1386 4292 1599 4359 Briddeshale
1614 4314 1670 4377 pro
1686 4294 1761 4382 viij·
1781 4298 1872 4378 perte
1890 4314 1945 4358 un.
1962 4294 1985 4359 f.

479 4381 515 4443 in
530 4382 655 4449 eedem.
702 4381 825 4462 Nicbil,
841 4388 904 4449 ete.

523 4519 573 4585 De
602 4520 791 4585 tenentibus
819 4524 977 4584 terrorum
1007 4521 1172 4606 quondum
1200 4520 1360 4585 Johcnnis
1387 4519 1449 4584 filii
1478 4518 1626 4603 Philippi
1654 4520 1695 4583 de
1734 4517 1899 4604 Bemetby
1928 4540 1985 4602 pro

479 4615 535 4672 xx·
553 4611 646 4691 porte
659 4627 715 4673 un.
730 4607 754 4672 f.
768 4609 805 4672 in
819 4607 1035 4675 Sousssrsr.
1080 4607 1204 4696 Nichii‚
1221 4617 1284 4675 eto.

523 4738 572 4804 De
595 4738 760 4803 Willelmc
787 4737 1158 4825 Tirwhii,mi1iie‚pro
1191 4740 1237 4807 di.
1262 4742 1285 4807 f.
1312 4761 1357 4807 m.
1388 4742 1423 4804 in
1453 4738 1605 4816 ΒΕΚΙΥ,
1634 4738 1797 4823 quondam
1826 4736 1985 4801 Jobennis

479 4824 649 4910 skypwich
669 4864 1697 4881 -----------
1785 4825 1867 4913 iijo.
1883 4825 1983 4910 iiij.d.

522 4962 573 5028 De
587 4963 719 5027 dominc
732 4962 882 5029 Jobenna
897 4965 1046 5050 Mefesyn
1061 4986 1120 5049 pro
1133 4965 1180 5034 di.
1196 4966 1271 5051 viij·
1291 4970 1384 5051 perte
1399 4972 1433 5030 et
1448 4962 1507 5052 vji⁵
1527 4970 1618 5049 perte
1635 4984 1690 5029 un.
1706 4964 1780 5030 irin
1805 4964 1983 5042 nmmos,

479 5070 542 5134 que
556 5047 720 5115 Johannes
734 5051 775 5115 de
791 5051 1036 5136 Bullyngbroke
1052 5053 1216 5139 quondam
1231 5055 1387 5118 tenuit-
1477 5086 1488 5099 -
1578 5086 1593 5101 -
1681 5090 1693 5105 ·
1779 5050 1862 5136 iijc.
1877 5050 1981 5137 iiijd.

521 5189 571 5254 De
595 5190 702 5272 priore
726 5189 768 5253 de
792 5190 991 5275 Bullyngton
1023 5210 1082 5273 pro
1110 5189 1184 5274 viij·
1219 5194 1313 5272 pario
1340 5194 1375 5253 et
1403 5200 1459 5253 xv·
1490 5194 1582 5273 parte
1611 5206 1666 5251 un.
1691 5187 1716 5255 f.
1742 5185 1878 5265 ibidem,
1904 5207 1983 5272 quas

477 5276 711 5360 predecessores
725 5279 776 5341 sui
792 5278 956 5363 quondam
970 5282 1161 5343 renuerunt.
1206 5276 1329 5354 Nicbil‚
1344 5279 1421 5362 quie
1436 5282 1547 5340 contra
1561 5280 1622 5342 eto.
1704 5324 1706 5330 s
1795 5304 1796 5309 ¹

520 5411 570 5477 De
594 5413 700 5496 priore
725 5412 767 5476 de
793 5412 912 5478 Sirbill
935 5434 992 5497 pro
1016 5412 1090 5497 viij*
1110 5416 1203 5496 parte
1226 5412 1308 5477 dicti
1333 5413 1356 5479 f.
1371 5412 1505 5492 ibidem,
1532 5431 1630 5498 quem
1656 5410 1894 5496 predecessores
1917 5416 1979 5478 eto.

477 5497 601 5578 Niohil,
615 5510 678 5569 ete.

497 5637 570 5789 toDe
583 5638 701 5788 qubpbp
716 5638 978 5791 dpcKyrlrestede
992 5659 1050 5722 pro
1065 5646 1120 5707 ιι·
1139 5643 1230 5722 parte
1256 5637 1395 5722 predicti
1417 5638 1442 5705 f.
1469 5636 1601 5717 ibidem,
1626 5656 1724 5722 quem
1749 5634 1982 5718 predecessores

477 5744 496 5789 e
530 5772 541 5795 .
614 5747 646 5790 rc
668 5747 738 5806 1,e
775 5773 785 5793 .

907 5880 1043 5946 summ
1068 5837 1416 6013 {egfribmrum-l-bjms
1432 5923 1543 6011 viijd.
