5000 7050
1153 1095 1373 1168 NORFOLK.

943 1393 1164 1464 Hnnnannnrr
1186 1415 1231 1463 nn
1255 1394 1597 1466 BRoaHnssonos.

553 1554 734 1639 laquiricio
769 1561 865 1640 capta
894 1558 982 1641 apud
1014 1557 1180 1624 Brunham
1217 1559 1272 1624 die
1309 1559 1403 1624 Lnne
1442 1561 1590 1644 proximo
1627 1565 1704 1623 ante
1745 1558 1866 1623 festum
1906 1555 2019 1620 Sancti

509 1639 654 1706 Barnabe
677 1644 817 1726 apostoli
842 1664 929 1710 anno
953 1648 1046 1729 regni
1072 1651 1160 1729 regis
1186 1645 1326 1712 Henrici
1350 1649 1436 1711 sexti
1462 1655 1536 1732 poet
1562 1654 1780 1731 conquestum
1804 1653 1895 1710 sexto
1909 1663 2017 1709 coram

508 1728 667 1793 Nicholao
682 1731 815 1811 Castell,
830 1731 974 1796 Heurioo
988 1732 1136 1818 Walpool
1150 1741 1186 1797 et
1202 1735 1298 1798 sociis
1313 1737 1381 1799 suis
1396 1735 1623 1799 collectoribus
1639 1732 1778 1798 subsidii
1791 1733 1918 1796 domini
1933 1731 2020 1814 regis

507 1818 542 1879 in
566 1817 684 1882 ultimo
707 1819 922 1902 parliamento
946 1841 1004 1883 suo
1029 1821 1117 1904 apud
1135 1820 1461 1886 westmonasterium
1486 1824 1521 1886 in
1536 1822 1702 1908 quindena
1718 1820 1829 1885 Sancti
1846 1817 2018 1883 Michaelis

507 1905 627 1968 ultimo
650 1908 807 1988 preterita
831 1915 927 1970 tento
952 1911 1096 1972 concessi
1124 1930 1180 1991 per
1203 1916 1440 1974 sacramentum
1464 1909 1623 1976 Johannis
1650 1906 1820 1992 lleyrrard‚
1844 1905 2016 1970 Michaelis

512 1991 665 2071 Barbam,
681 1991 702 2058 J
703 1990 842 2058 ohannis
863 1994 894 2056 N
896 1993 1025 2075 orthon,
1050 1995 1209 2064 Willelmi
1228 1995 1351 2074 Miller,
1366 1997 1504 2062 Henrici
1519 1995 1660 2074 Bloield,
1675 1996 1696 2063 J
1697 1993 1835 2059 ohannis
1849 1995 2019 2070 Coteman,

510 2078 645 2143 Boberti
670 2079 850 2166 Downyng,
873 2080 1032 2148 Jobannis
1055 2082 1171 2167 Creylr,
1195 2083 1357 2152 Iohannis
1380 2085 1491 2170 Lysse,
1506 2081 1631 2148 Thome
1646 2081 1843 2166 Obapeleyn,
1859 2081 2019 2144 Willelmi

509 2164 636 2250 Dyvere
660 2172 694 2230 et
717 2167 849 2239 Roberti
873 2169 1034 2249 Havered,
1062 2173 1120 2253 qni
1142 2171 1259 2236 dicunt
1283 2191 1382 2255 snper
1412 2178 1651 2236 sacramentum
1678 2190 1773 2235 suum
1796 2169 1883 2256 quod
1905 2188 2019 2233 omnes

510 2274 642 2336 persone
657 2256 691 2317 in
707 2255 771 2319 ista
784 2256 1000 2340 inquisicione
1016 2259 1184 2323 nominate
1198 2264 1276 2323 snut
1291 2260 1403 2322 seisite
1418 2264 1452 2324 et
1467 2260 1687 2342 possesionate
1700 2266 1735 2322 et
1746 2277 1859 2321 eorum
1870 2254 2019 2341 quelibet

511 2345 563 2405 eet
578 2343 690 2406 seisitu
703 2348 738 2407 et
752 2345 989 2426 posseseicnata
1003 2344 1045 2409 de
1060 2348 1156 2409 terris
1170 2351 1205 2410 et
1228 2348 1430 2428 tenementis
1452 2347 1487 2408 in
1512 2345 1679 2410 dominico
1704 2365 1763 2409 suo
1785 2349 1826 2408 nt
1848 2342 1890 2408 de
1916 2342 2018 2407 libero

508 2434 698 2494 tenemento
711 2450 769 2495 suo
784 2437 820 2495 et
832 2436 950 2494 tenent
963 2451 1023 2497 eeu
1036 2440 1128 2497 tenet
1141 2432 1240 2498 modo
1255 2441 1289 2498 et
1303 2433 1407 2499 iorma
1420 2435 1477 2519 qui
1494 2440 1684 2520 sequuntur,
1698 2431 1853 2498 videlicet
1866 2429 1955 2514 qnod
1964 2455 2019 2495 :-

554 2618 740 2684 Iodonicue
763 2618 938 2685 Robessard
962 2627 1055 2686 tenet
1077 2622 1114 2687 iu
1137 2621 1308 2690 Baunuan
1331 2621 1512 2687 inmediate
1527 2622 1563 2705 ij.
1579 2620 1603 2688 f.
1620 2643 1667 2688 m.
1683 2621 1725 2685 de
1740 2620 1874 2685 domino
1889 2639 1964 2704 rege
1977 2615 2019 2681 de

511 2703 630 2770 honore
644 2707 684 2772 de
698 2707 819 2786 Hanel,
833 2707 921 2792 qnod
935 2728 1039 2793 nuper
1053 2709 1119 2774 init
1133 2709 1301 2791 Badulphi
1316 2709 1358 2776 de
1374 2711 1571 2793 Hempnale.

554 2869 715 2954 Georgius
743 2870 786 2936 de
814 2870 982 2938 Hollrhem
1014 2876 1106 2937 tenet
1134 2874 1170 2937 in
1208 2869 1424 2961 mensurna]
1459 2873 1638 2938 inmediate
1674 2890 1778 2936 unnm
1816 2869 2017 2955 quarterium

510 2957 533 3021 f.
549 2980 595 3025 m.
609 2959 653 3022 de
668 2958 796 3044 Bogero
811 2959 880 3023 filio
895 2958 1037 3038 osberti,
1051 2960 1138 3044 qnod
1153 2980 1258 3044 nuper
1273 2961 1339 3024 init
1355 2960 1476 3046 Bcgeri
1491 2961 1531 3025 de
1545 2961 1667 3026 Toftes.

553 3117 693 3184 Thomas
718 3118 759 3184 de
785 3119 1046 3206 ingaldeethorp‚
1071 3123 1129 3206 qni
1150 3128 1202 3186 est
1226 3123 1261 3185 in
1287 3121 1436 3185 custodia
1460 3122 1587 3187 domini
1609 3123 1696 3206 regis
1720 3127 1755 3184 et
1784 3121 1869 3183 infra
1895 3123 2017 3182 etatem

507 3212 599 3271 tenet
634 3208 669 3271 in
707 3207 884 3286 Burnum,
921 3208 1085 3276 Pnnnrso
1115 3208 1288 3291 Nonrnon,
1311 3209 1514 3289 Hennaeas,
1552 3211 1776 3276 Hansrnonon
1813 3213 1848 3271 et
1885 3207 2016 3274 Carnus

508 3295 685 3359 inmediate
699 3296 724 3381 j.
740 3294 763 3360 f.
779 3317 824 3360 m.
840 3295 882 3359 de
897 3293 1031 3361 domino
1045 3317 1122 3382 rege
1135 3297 1176 3361 de
1191 3295 1311 3360 honore
1325 3296 1367 3361 de
1384 3295 1526 3382 Haggel.

552 3458 715 3523 Tenentes
737 3466 896 3523 terrarum
920 3457 963 3524 de
988 3459 1083 3524 feodo
1106 3459 1311 3524 Gloucestrie
1334 3463 1369 3524 in
1394 3461 1563 3529 Rarum
1588 3465 1703 3524 tenent
1717 3457 1897 3522 inmediate
1911 3476 2015 3520 unum

508 3549 708 3632 quarterium
723 3547 746 3613 i.
763 3568 808 3613 m.
824 3546 865 3611 de
879 3546 970 3613 dicto
984 3546 1117 3629 honore,
1133 3549 1219 3634 quod
1235 3568 1340 3633 nuper
1354 3547 1420 3613 fuit
1436 3550 1625 3614 tenentium
1640 3546 1855 3612 Glaucestrie.

553 3707 748 3773 Edmundns
762 3707 866 3773 Lucas
879 3713 914 3772 et
938 3711 1115 3793 peruenerii
1139 3711 1190 3775 sni
1213 3716 1328 3773 tenent
1351 3710 1388 3772 in
1409 3708 1568 3775 Kurrnon
1594 3715 1628 3773 et
1656 3707 1823 3775 Bnrnnart
1837 3706 2017 3773 inmediate

511 3795 689 3967 gqroiitpp.
715 3797 756 3859 de
785 3795 929 3860 Roberto
957 3796 999 3861 de
1028 3796 1178 3863 Tatesale
1203 3797 1291 3882 quod
1320 3816 1425 3880 nuper
1451 3795 1518 3861 init
1540 3795 1715 3882 Reginaldi
1741 3806 1777 3861 et
1800 3796 1954 3881 Hugonia
1976 3794 2018 3859 de

553 4018 695 4084 Thomas
722 4019 763 4084 de
790 4018 987 4097 Keneston,
1014 4020 1120 4101 miles,
1151 4025 1246 4085 tenet
1274 4018 1455 4083 inmediate
1483 4020 1520 4083 in
1551 4018 1768 4087 Srnnsrsnnn
1797 4019 1823 4106 j.
1847 4019 1872 4085 f.
1902 4040 1948 4086 m.
1976 4019 2017 4084 ds

509 4104 683 4172 heredibus
698 4106 857 4171 Willelmi
870 4105 911 4171 de
925 4106 1075 4185 Nariord,
1087 4108 1175 4191 qnod
1189 4126 1296 4191 nuper
1309 4106 1375 4170 fnit
1391 4106 1550 4170 Willelmi
1565 4108 1606 4171 de
1622 4105 1820 4174 Kerdeeton.

553 4268 719 4335 lohannes
742 4269 892 4348 Horard,
910 4270 1018 4347 miles,
1043 4275 1136 4334 tenet
1157 4272 1193 4334 in
1220 4270 1361 4351 lomus,
1390 4268 1599 4348 Scnrnronn,
1627 4270 1732 4337 Sura.
1746 4268 1872 4350 Cannu
1898 4269 2017 4337 Nonrn

511 4358 907 4531 {gapplqalqtlaqqssnrsnnn
931 4358 1108 4423 inmediate
1128 4356 1157 4443 j.
1173 4356 1198 4423 f.
1215 4378 1260 4423 m.
1287 4358 1328 4421 ds
1351 4358 1474 4421 comite
1501 4355 1687 4435 Waoennie,
1711 4356 1799 4444 quod
1822 4376 1927 4441 nuper
1950 4357 2017 4421 fuit

552 4610 713 4697 Magister
735 4610 777 4675 de
802 4609 994 4675 Ponteiract
1019 4615 1111 4676 tenet
1133 4610 1171 4673 in
1196 4608 1396 4677 Tarnnroau
1419 4613 1454 4675 et
1480 4608 1679 4679 ammom
1694 4608 1874 4675 inmediate
1884 4608 1910 4694 j.
1929 4608 1954 4674 f.
1970 4629 2015 4677 m.

510 4698 598 4785 qnod
611 4718 717 4784 nuper
732 4699 796 4765 init
812 4698 936 4764 Thome
950 4697 992 4764 de
1007 4695 1217 4763 Sueterthon.

554 4865 719 4932 Jchannes
733 4862 891 4932 Bacheler
904 4868 999 4930 tenet
1013 4864 1049 4929 iu
1063 4863 1166 4934 Wnsr
1179 4863 1329 4932 Rnnnan
1344 4865 1524 4931 inmediate
1539 4884 1641 4931 unum
1658 4866 1860 4954 quarterium
1877 4865 1900 4931 f.
1918 4886 1962 4932 m.
1974 4866 2015 4929 de

513 5001 799 5023 ......
844 4952 930 5038 quod
945 4972 1050 5038 nuper
1065 4952 1130 5015 init
1145 4951 1313 5017 Edmnndi
1328 4952 1471 5019 Fereres.

556 5114 717 5178 Hearicus
731 5113 772 5179 de
786 5111 934 5197 Welpool
948 5116 1041 5175 tenet
1054 5113 1090 5176 in
1106 5111 1278 5181 Howrnon
1293 5112 1472 5179 inmedinte
1482 5113 1509 5198 j.
1524 5114 1549 5178 f.
1562 5134 1608 5180 m.
1634 5112 1675 5178 de
1690 5113 1911 5193 Blsvmeater,
1928 5114 2014 5199 quod

512 5222 616 5288 nuper
630 5200 696 5267 fnit
711 5201 848 5267 Eenrici
865 5198 1021 5283 Walpool.

555 5365 650 5429 Idem
676 5364 839 5428 Henricus
860 5366 955 5427 tenet
977 5363 1013 5426 in
1036 5359 1153 5427 eadem
1175 5362 1354 5427 inmediate
1380 5380 1482 5427 unum
1506 5363 1713 5445 quarterium
1736 5363 1759 5427 i.
1784 5384 1828 5430 m.
1855 5363 1896 5427 de
1920 5362 2015 5429 feodo

512 5454 737 5539 Wyrmegeye‚
751 5450 838 5536 quod
852 5469 958 5534 nuper
971 5448 1038 5514 fnit
1054 5450 1188 5514 Henrici
1203 5448 1362 5533 Walpool.

555 5619 648 5684 Idem
663 5618 826 5684 Henricns
841 5622 935 5682 tenet
950 5616 987 5679 in
1000 5613 1115 5680 eadem
1129 5615 1309 5681 inmediate
1323 5636 1425 5683 unum
1440 5616 1640 5702 quarterium
1655 5615 1679 5682 i.
1695 5638 1741 5685 m.
1750 5616 1791 5680 de
1806 5615 1896 5681 dioto
1911 5616 2017 5695 feodo,

512 5708 599 5795 qnod
612 5726 721 5791 nuper
734 5703 900 5769 Edmnndi
917 5702 1060 5786 Gnrycn.

554 5871 648 5937 Prior
662 5870 702 5934 de
719 5866 948 5953 Walsyngham
970 5870 1062 5930 tenet
1086 5867 1121 5929 in
1148 5868 1271 5934 Manna
1297 5868 1455 5935 Rraunon
1478 5873 1514 5931 et
1539 5867 1648 5933 Psnvr
1673 5868 1812 5936 Neurus
1837 5866 2016 5938 innodius

509 5960 547 6046 ij.
563 5962 586 6027 i.
603 5980 649 6026 m.
664 5958 705 6022 de
719 5956 840 6024 comite
858 5954 1040 6035 Warenuie,
1056 5955 1144 6043 qnod
1159 5976 1265 6041 nuper
1280 5956 1345 6021 fuit
1361 5954 1473 6045 Egidii
1487 5955 1731 6039 Munpynsonn.
