5000 7050
1060 1022 1141 1136 ω’.
1167 1073 1252 1136 1846
1863 1068 1904 1131 45

437 1356 486 1422 De
501 1356 615 1423 Isolda
633 1359 817 1443 Seyntpere
831 1380 889 1443 pro
904 1360 949 1425 di.
966 1360 989 1426 f.
1006 1360 1092 1444 quod
1107 1358 1271 1425 christina
1297 1361 1337 1423 de
1362 1359 1515 1444 Kyrkeby
1530 1364 1565 1423 et
1590 1358 1728 1423 heredes
1756 1356 1907 1421 Nicholai

404 1446 443 1509 de
458 1445 552 1530 Cryel
568 1452 750 1510 tenuerunt
765 1449 801 1510 in
815 1448 1019 1514 Romam.

439 1582 488 1646 De
503 1585 665 1668 episcopo
680 1583 827 1647 Boffensi
841 1605 899 1667 pro
913 1585 958 1651 di.
974 1586 998 1650 f.
1013 1587 1049 1648 in
1065 1586 1176 1651 Irrraa
1192 1586 1366 1653 Waorsarr
1381 1584 1421 1649 de
1435 1582 1677 1667 archiepiscopo
1716 1624 1727 1635 ·
1817 1605 1906 1649 aas.

619 1720 900 1809 Summa-vili.
918 1722 1042 1809 xviijs.
1059 1743 1117 1806 pro
1132 1723 1181 1809 iij.
1199 1723 1222 1789 f.
1239 1722 1305 1810 iiij·
1321 1726 1414 1806 parte
1430 1728 1462 1786 et
1481 1729 1513 1787 v·
1527 1728 1619 1805 parte
1635 1720 1659 1807 J‘.
1678 1722 1700 1788 f.

846 1984 1067 2052 Horroaaooa
1089 2006 1133 2050 na
1156 1985 1475 2053 BRENOHESLE.

444 2140 495 2206 Da
517 2143 694 2208 heredibus
716 2143 845 2208 Ricardi
867 2146 908 2209 de
930 2144 1103 2209 Grosherst
1124 2166 1182 2229 pro
1204 2146 1249 2211 di.
1267 2146 1290 2213 f.
1307 2146 1393 2231 quod
1418 2145 1601 2209 Willelmus
1623 2144 1665 2210 de
1688 2144 1777 2209 Knol
1803 2146 1916 2211 tenuit

404 2230 489 2313 apud
504 2231 644 2297 Paaaorr
657 2232 693 2295 in
707 2232 930 2299 Baarrourrsaa
945 2233 985 2297 da
999 2235 1119 2297 comite
1134 2233 1339 2298 Gloucestrie
1418 2274 1428 2285 -
1519 2272 1530 2285 ·
1622 2273 1632 2285 -
1723 2273 1734 2285 ·
1823 2255 1911 2299 ssa.

443 2368 492 2432 De
507 2368 683 2433 heredibus
697 2369 719 2433 J
720 2368 856 2433 ohannis
871 2371 912 2433 de
925 2371 1013 2437 Vsus
1028 2391 1085 2454 pro
1100 2371 1145 2435 di.
1162 2371 1185 2436 s.
1202 2371 1290 2454 quod
1304 2370 1326 2434 J
1328 2369 1475 2435 ohannes
1497 2371 1538 2434 de
1561 2370 1726 2455 Gopgrave
1756 2372 1913 2435 tecuitis

406 2456 634 2523 Baascrsasar
649 2457 735 2541 apud
750 2457 981 2524 Carraswam
995 2459 1037 2521 de
1051 2458 1141 2521 dicto
1156 2460 1275 2523 comite
1322 2498 1739 2510 -----
1828 2480 1878 2524 xx.
1887 2482 1913 2525 s.

446 2593 492 2657 Ea
516 2613 585 2656 non
611 2593 756 2657 reddunt
781 2594 822 2657 de
848 2616 937 2661 xrs.
962 2616 1020 2679 pro
1045 2596 1089 2661 di.
1114 2596 1138 2661 f.
1164 2596 1250 2680 quod
1275 2595 1371 2659 abbas
1397 2595 1438 2658 de
1465 2593 1569 2658 Ponte
1600 2592 1733 2658 Roberti
1756 2595 1865 2659 tenuit
1880 2597 1913 2659 in

407 2678 658 2747 Lassaraaaasr
680 2681 716 2743 in
740 2700 855 2765 puram
877 2688 912 2745 et
932 2687 1125 2766 perpetuam
1148 2683 1356 2747 elemosinam
1378 2682 1419 2745 dc
1449 2701 1526 2767 rege
1556 2702 1612 2765 per
1641 2681 1734 2746 breve
1760 2684 1846 2767 regis
1875 2684 1915 2747 de

406 2770 579 2847 scaccario,
597 2768 693 2852 cujus
707 2769 943 2852 transcriptum
957 2768 1034 2833 huic
1049 2770 1156 2833 rotulo
1172 2771 1319 2854 superius
1334 2766 1545 2835 attachiatur.

450 2904 500 2967 De
530 2906 643 2988 priore
675 2904 715 2969 de
745 2905 918 2990 Tonbregg
946 2926 1004 2988 pro
1028 2904 1056 2989 3.
1087 2906 1249 2989 quarterio
1275 2904 1302 2989 j.
1334 2905 1357 2969 f.
1389 2904 1473 2989 quod
1510 2905 1598 2969 idem
1629 2906 1716 2989 prior
1745 2906 1853 2969 tenuit
1882 2906 1917 2968 in

408 2991 649 3069 Baarscnasaa,
663 2993 700 3054 in
716 2992 805 3059 Easr
821 2993 1023 3058 Bomraan
1038 2992 1078 3055 de
1093 2994 1212 3055 comite
1228 2992 1429 3056 (iloucestrie
1542 3033 1553 3043 -
1643 3033 1654 3043 -
1744 3033 1755 3045 -
1844 3014 1874 3059 x.
1888 3016 1914 3058 s.

449 3130 498 3194 De
512 3128 681 3208 Johanna‚
696 3151 759 3213 que
774 3131 840 3193 fuit
853 3150 934 3194 uror
948 3130 1105 3193 willelmi
1122 3130 1256 3217 Lybaud
1271 3150 1330 3215 pro
1347 3132 1392 3196 di.
1409 3130 1432 3195 f.
1458 3130 1545 3215 quod
1570 3132 1733 3194 Antonius
1757 3132 1798 3195 de
1827 3130 1916 3195 Bealr

407 3220 518 3281 tenuit
532 3220 568 3283 in
585 3219 871 3285 Hoasasursoarrrsa
886 3218 927 3281 de
943 3219 1032 3281 dicto
1047 3220 1169 3282 comite
1217 3253 1736 3270 ------
1826 3240 1866 3285 xx
1889 3242 1915 3285 s.

751 3354 1008 3422 Summa—lxx.
1019 3379 1045 3421 a.
1063 3376 1121 3442 pro
1131 3355 1159 3441 3.
1177 3354 1201 3423 f.
1217 3368 1251 3420 co
1266 3354 1316 3441 iij
1332 3356 1505 3441 quarteriis
1517 3352 1545 3441 3.
1561 3356 1585 3420 i.

855 3672 1075 3738 Harmonia
1098 3694 1143 3739 oa
1166 3671 1480 3740 MAYDENSTAN.

449 3833 498 3897 De
521 3831 695 3916 Stephano
717 3833 757 3896 de
780 3818 978 3918 Cosyngtcm
1002 3835 1121 3913 milite,
1147 3854 1207 3919 pro
1233 3834 1278 3900 di.
1305 3835 1326 3899 f.
1354 3835 1440 3918 quod
1457 3834 1639 3898 Willelmus
1665 3835 1705 3899 de
1730 3833 1917 3919 Cosyngton

409 3921 516 3984 tenuit
531 3923 567 3984 in
582 3921 779 3987 Gosrrsorors
794 3921 835 3984 de
851 3921 984 3985 baronia
999 3922 1040 3985 de
1055 3921 1151 4000 Roos,
1167 3927 1206 3986 ut
1221 3922 1262 3985 de
1278 3921 1405 3985 Horcon
1421 3921 1577 4006 Kyrlaeby
1627 3962 1638 3973 ·
1728 3962 1739 3973 -
1828 3943 1878 3988 xx.
1889 3945 1916 3988 a.

450 4058 499 4122 De
522 4055 677 4122 Joharmc
703 4057 745 4121 de
770 4058 927 4143 DetIyng,
954 4064 989 4122 et
1013 4059 1137 4122 Thoma
1158 4060 1198 4124 dc
1224 4058 1370 4123 Bukwell
1396 4080 1455 4143 pro
1470 4060 1515 4125 di.
1533 4059 1556 4124 f.
1573 4060 1661 4144 quod
1676 4059 1863 4123 willelmus
1877 4059 1918 4124 de

412 4143 561 4230 Detlyng
575 4145 693 4208 tenuit
706 4145 741 4208 in
757 4145 918 4211 Dararrso
933 4145 973 4209 de
987 4144 1227 4231 archiepiscopo
1324 4186 1741 4198 -----
1829 4169 1880 4213 xx.
1890 4170 1917 4212 s.

451 4281 501 4347 De
515 4283 655 4346 domino
671 4281 900 4346 Bartholomeo
914 4283 955 4346 de
969 4282 1191 4366 Burghersshe
1207 4304 1265 4369 pro
1275 4283 1303 4367 j.
1320 4283 1483 4368 quarterio
1498 4283 1522 4369 3.
1537 4286 1559 4348 f.
1572 4283 1659 4368 quod
1675 4283 1866 4368 Radulphus
1881 4286 1921 4350 de

411 4369 537 4453 Dyston
554 4370 668 4432 tenuit
682 4370 718 4433 in
736 4369 892 4438 Saosoao
907 4371 948 4436 de
962 4371 1075 4436 codem
1090 4372 1331 4456 archiepiscopo
1442 4411 1453 4423 -
1545 4412 1556 4422 -
1647 4412 1658 4422 -
1749 4412 1760 4423 ·
1849 4395 1917 4439 ω.

455 4509 504 4574 De
519 4507 678 4573 Johanne
692 4509 733 4572 de
747 4508 991 4593 Frenyngham,
1005 4515 1040 4574 et
1054 4506 1205 4573 Johannc
1220 4509 1263 4572 de
1278 4510 1497 4592 Huntyngton
1514 4530 1571 4592 pro
1585 4532 1611 4597 J.
1628 4509 1649 4578 f.
1666 4510 1752 4594 quod
1768 4509 1920 4578 Robeau.

414 4597 454 4662 de
468 4595 674 4681 Barmelyng
687 4598 797 4660 tenuit
813 4598 846 4659 in
863 4597 964 4664 Wasr
978 4597 1185 4663 Baarsamso
1199 4597 1240 4661 de
1257 4617 1331 4680 rega
1431 4637 1442 4648 -
1533 4637 1543 4648 -
1636 4637 1647 4648 ·
1736 4638 1747 4649 ·
1836 4599 1919 4666 aha.

452 4731 502 4798 De
517 4729 673 4819 Jobarrns
687 4732 756 4797 filio
771 4733 883 4796 Jacobi
898 4733 1049 4812 Thomas,
1063 4739 1098 4798 et
1111 4730 1262 4798 Johanns
1276 4733 1317 4796 de
1333 4731 1435 4813 Kent,
1453 4753 1511 4817 pro
1525 4733 1551 4819 J'.
1571 4733 1595 4800 f.
1623 4735 1709 4818 quod
1735 4733 1921 4804 Willelmus

411 4819 631 4973 pipoffiprispt
656 4818 796 4884 Thomas
820 4821 863 4959 sis
889 4820 1087 4960 BarmelJng
1111 4827 1290 4960 tenuerpnt
1317 4822 1352 4960 ip
1383 4821 1473 4959 Essa
1500 4821 1708 4960 Baarsaprrso
1733 4823 1774 4960 sis
1799 4827 1920 4978 cointge

452 5046 501 5110 De
516 5047 604 5108 Lora
618 5044 777 5130 Sauvage,
792 5051 829 5109 et
843 5048 1039 5128 parcenariis
1055 5046 1134 5122 suis,
1147 5066 1222 5108 cum
1239 5047 1388 5129 priorissa
1404 5043 1522 5110 Sancte
1539 5045 1648 5125 Elene,
1672 5047 1848 5126 Londonio,
1862 5069 1919 5131 pro

411 5133 454 5197 di.
470 5135 493 5198 i.
510 5133 601 5218 qaod
618 5132 801 5196 Willelmus
816 5132 980 5214 Payfrere,
995 5133 1135 5197 Thomas
1150 5133 1190 5196 de
1207 5133 1374 5214 Hardesle,
1391 5139 1426 5197 et
1450 5133 1540 5196 dicta
1565 5134 1714 5216 priorissa
1741 5139 1920 5200 mouerunt

414 5221 446 5282 in
461 5221 553 5288 Easr
568 5221 781 5287 Bmaacmc
795 5221 834 5282 de
849 5220 939 5284 dicho
953 5222 1074 5284 comite
1120 5259 1740 5272 -------
1830 5242 1919 5288 ras.

698 5354 988 5443 Summa—viiii.
1004 5377 1070 5423 ω.
1087 5378 1144 5440 pro
1159 5357 1210 5442 iiJ'.
1226 5356 1250 5422 f.
1267 5362 1302 5421 et
1316 5357 1367 5443 iij.
1383 5357 1555 5441 quarteriis
1569 5357 1594 5443 j,
1612 5356 1636 5422 f.

691 5617 911 5683 Romanoa
934 5639 978 5682 ns
1002 5619 1257 5686 CHETEHAM
1281 5639 1321 5684 ar
1344 5617 1656 5685 GILLYNGHAM.

454 5785 501 5851 De
529 5785 684 5865 Ischalis,
714 5805 779 5870 que
807 5785 875 5849 fuis
903 5805 985 5848 uxor
1013 5785 1148 5850 Hearici
1177 5787 1217 5850 da
1247 5785 1429 5870 Layburne,
1458 5783 1585 5863 militis,
1617 5805 1675 5868 pro
1704 5785 1749 5850 di.
1781 5785 1804 5849 f.
1832 5785 1919 5867 apud

418 5873 611 5944 Susasrana
627 5874 671 5938 de
686 5871 808 5939 honore
823 5873 865 5938 dc
881 5871 990 5938 Ledes
1021 5909 1741 5926 --------
1764 5953 1766 5960 Α
1830 5889 1919 5937 ιω.
