5000 7050
1136 1050 1218 1113 An).
1245 1052 1340 1115 1302.
1916 1051 1980 1116 427

524 1329 679 1395 Ricardus
708 1332 825 1416 Dayrel
854 1340 946 1398 tenet
974 1338 1008 1398 in
1040 1338 1229 1404 Noawonua
1260 1338 1304 1403 di.
1334 1338 1534 1421 quarterium
1563 1336 1586 1401 f.
1611 1357 1655 1400 m.
1685 1338 1725 1401 de
1754 1336 1920 1400 Wilielmo
1936 1334 1980 1405 ,16

481 1415 663 1497 Gunevile3
679 1425 715 1482 et
730 1421 770 1484 da
785 1441 849 1504 quo
864 1423 951 1485 idem
969 1423 1150 1487 Willelmus
1165 1431 1258 1488 tenet
1274 1424 1436 1509 ignorant.

528 1578 639 1643 Comes
662 1581 835 1646 Warennie
857 1588 950 1648 tenet
974 1587 1120 1650 maneria
1146 1606 1203 1649 sua
1225 1588 1259 1649 in
1285 1587 1437 1653 Manwna
1464 1587 1701 1654 etconvasron
1715 1585 1756 1649 dc
1770 1606 1846 1669 rege
1860 1586 1911 1651 16.
1927 1605 1985 1669 per

479 1666 563 1749 quod
579 1669 749 1732 servicium
767 1672 929 1754 ignorant..

523 1829 723 1894 Laurencius
738 1833 777 1896 de
793 1834 992 1897 Hameldene
1008 1842 1041 1898 et
1056 1836 1205 1899 Johanna
1219 1857 1298 1899 uxor
1314 1837 1385 1920 ejus
1401 1838 1563 1901 tenentia
1579 1838 1787 1903 Fanrawann
1802 1838 1825 1923 j.
1841 1834 1864 1901 f.
1881 1855 1925 1901 m.
1941 1834 1981 1898 de

477 1919 597 1979 comite
612 1918 800 2000 Wareunie,
816 1928 852 1984 et
866 1942 971 1985 comes
986 1921 1026 1985 (16
1041 1924 1172 1986 domino
1187 1944 1261 2009 rege
1277 1924 1330 1989 1.6.

521 2083 684 2148 Johannes
712 2086 753 2148 de
783 2085 926 2149 Anmdel
956 2091 990 2149 et
1018 2090 1165 2151 tenentes
1195 2090 1245 2152 sui
1276 2093 1392 2151 tenent
1421 2089 1456 2151 in
1487 2088 1694 2154 Fanrswana
1732 2088 1777 2152 di.
1811 2085 1832 2152 f.
1862 2106 1908 2150 m.
1939 2086 1978 2148 (16

481 2169 674 2272 Baldewyno
700 2171 741 2235 (16
766 2172 927 2252 Manerea,
951 2179 986 2237 et
1011 2174 1098 2238 idem
1123 2174 1334 2259 Baldewynus
1360 2175 1401 2238 de
1425 2177 1545 2239 comite
1561 2176 1742 2255 waremie,
1757 2180 1792 2237 et
1817 2193 1924 2236 comes
1939 2172 1979 2235 de

478 2278 554 2339 rege
570 2279 621 2324 rc.

523 2418 677 2503 Philippa
700 2421 741 2484 de
765 2422 850 2498 plez,
876 2422 1026 2486 Johanna
1052 2425 1092 2487 (16
1118 2424 1381 2509 Huntinggefeld
1409 2432 1443 2488 et
1467 2424 1617 2491 Johanna
1642 2426 1683 2488 (16
1707 2424 1781 2489 Plez
1808 2423 1978 2487 tenentia

477 2508 684 2574 Faurawrana
700 2513 734 2571 et
749 2510 911 2576 Warrrtac
927 2512 972 2575 di.
985 2510 1008 2575 f.
1018 2531 1062 2576 m.
1073 2512 1113 2575 de
1128 2512 1247 2597 Egidio
1263 2513 1293 2575 16
1308 2512 1393 2591 Pisa,
1406 2518 1440 2577 et
1454 2512 1590 2596 Egidius
1605 2513 1645 2576 (16
1660 2512 1780 2576 comite
1797 2511 1979 2587 waremie,

476 2600 510 2656 et
524 2615 628 2658 comes
642 2596 684 2658 (16
698 2616 774 2680 rege
790 2599 841 2662 1.6.

519 2756 679 2820 Robertus
706 2756 797 2821 Carle
822 2766 856 2821 et
872 2757 1035 2822 Johannea
1059 2759 1097 2822 de
1124 2759 1321 2823 Hokewolde
1345 2765 1457 2824 tenent
1484 2762 1518 2822 in
1534 2762 1695 2828 eroua
1711 2716 1746 2823 et
1762 2762 1976 2826 Horra-uonna

476 2863 577 2906 unum
593 2848 795 2927 quarterium
810 2846 833 2909 f.
850 2866 895 2910 m.
910 2847 950 2909 (16
965 2846 1112 2910 Johaune
1127 2848 1168 2909 de
1184 2846 1338 2910 Cokefeld
1353 2854 1387 2911 et
1402 2846 1442 2911 de
1458 2848 1586 2912 Andrea
1612 2850 1652 2911 de
1680 2848 1841 2926 Sakevile,
1866 2855 1902 2911 et
1924 2848 1977 2910 illi

475 2937 585 2995 tenent
602 2932 642 2994 (16
658 2934 776 2995 comite
791 2932 974 3011 Warennie,
990 2941 1025 2997 et
1040 2956 1146 2997 comes
1162 2934 1203 2996 (16
1219 2954 1296 3020 rege
1312 2934 1365 2998 i.c.

518 3092 681 3157 Johannes
706 3093 747 3156 de
774 3094 927 3158 Cokefeld
951 3101 985 3158 et
999 3096 1143 3159 Andreas
1158 3096 1198 3159 de
1214 3094 1362 3159 Sakevile
1379 3098 1543 3161 tenentia
1559 3098 1720 3164 erorra
1738 3100 1800 3161 tria
1814 3098 1977 3182 quarteria

474 3180 498 3247 f.
513 3202 556 3245 m.
572 3182 612 3243 de
628 3182 746 3244 comite
761 3182 949 3259 Warennie,
963 3189 998 3244 et
1013 3203 1122 3245 comes
1136 3182 1175 3245 de
1191 3203 1266 3267 rege
1281 3184 1333 3248 ic.

516 3343 685 3407 Michaelis
714 3345 754 3408 de
783 3344 979 3429 Ponyngges
1009 3350 1102 3408 tenet
1130 3346 1166 3408 in
1191 3345 1352 3411 eroua
1384 3346 1446 3408 tria
1476 3345 1638 3428 quarteria
1666 3344 1688 3409 f.
1716 3366 1761 3410 m.
1788 3343 1827 3407 (16
1858 3346 1975 3407 comite

472 3430 657 3510 Warennie,
672 3435 706 3495 et
720 3452 826 3495 comes
840 3432 881 3496 de
895 3452 970 3515 rege
985 3432 1037 3497 i.c.

516 3593 676 3658 Robertus
701 3594 742 3658 (16
768 3594 882 3659 Skales
909 3598 1000 3658 tenet
1014 3596 1049 3657 in
1065 3596 1227 3662 erorta
1243 3595 1306 3658 tria
1321 3595 1482 3676 quarteria
1497 3593 1519 3658 f.
1536 3615 1579 3659 m.
1597 3593 1635 3657 (16
1651 3596 1771 3657 comite
1787 3595 1973 3673 Warennie,

471 3687 506 3743 et
521 3702 627 3745 comes
643 3682 683 3746 (16
697 3703 771 3766 rege
786 3682 838 3747 i.c.

513 3841 677 3906 Johannea
706 3845 745 3907 (16
775 3843 972 3907 Mundeford
998 3848 1089 3907 tenet
1117 3844 1152 3906 in
1184 3843 1345 3910 Wmuourr
1376 3844 1439 3906 tria
1468 3842 1632 3925 quarteria
1660 3842 1684 3906 f.
1708 3863 1753 3905 m.
1784 3842 1823 3904 de
1852 3845 1971 3906 comite

469 3927 653 4010 waremie,
670 3937 704 3994 et
718 3952 826 3994 comes
841 3933 880 3994 de
896 3952 970 4016 rege
985 3932 1037 3994 1.6.

510 4092 615 4156 Adam
629 4092 669 4155 (16
684 4092 878 4156 Mundesord
893 4097 984 4157 tenet
997 4095 1032 4155 in
1048 4093 1263 4158 Horrawouoa
1278 4099 1311 4155 et
1326 4093 1486 4159 wrrrora
1501 4111 1603 4154 unum
1619 4091 1818 4175 quarterium
1834 4093 1857 4157 f.
1875 4093 1969 4156 mdc

467 4178 858 4351 ἔὲὲῗέῃὲθῖἓὲξῗξθΐώἀ
886 4185 921 4242 et
946 4180 1139 4264 parcenariis
1163 4182 1241 4256 suis,
1257 4186 1292 4242 et
1317 4179 1368 4243 1111
1394 4184 1511 4243 tenent
1534 4179 1574 4242 de
1600 4179 1719 4242 comite
1736 4179 1918 4259 Warennie,
1936 4187 1970 4243 et

511 4429 613 4493 Elena
637 4429 765 4508 Warde,
792 4427 955 4494 Johannea
986 4430 1026 4493 (16
1056 4426 1197 4512 Thorpp,
1226 4429 1332 4491 Alicia
1362 4450 1441 4491 uxor
1470 4429 1552 4512 ejus,
1581 4427 1763 4491 Alexander
1793 4427 1908 4512 Gyzun
1938 4435 1970 4491 et

466 4515 621 4580 Ricardus
645 4517 687 4580 de
702 4517 861 4599 Hemisby
878 4522 991 4580 tenent
1007 4519 1042 4579 in
1057 4517 1226 4582 Bersera
1242 4523 1276 4578 et
1294 4517 1465 4584 Suausoau
1480 4516 1655 4580 dimidium
1671 4516 1869 4598 quarterium
1886 4516 1908 4579 f.
1925 4535 1968 4580 m.

465 4605 505 4666 de
520 4605 590 4667 Ada
605 4605 646 4666 de
662 4603 750 4687 Caly,
766 4611 800 4667 et
815 4602 919 4667 Adam
934 4605 974 4666 (16
989 4601 1114 4666 Thoma
1129 4603 1170 4666 (16
1186 4601 1331 4680 Bellhus,
1345 4608 1378 4666 et
1392 4602 1531 4666 Thomas
1547 4602 1586 4666 (16
1601 4623 1676 4687 rege
1690 4603 1742 4667 i.c.

508 4762 685 4829 Nicholaus
699 4767 740 4828 (16
757 4766 919 4849 Langetot
934 4770 969 4827 et
984 4769 1133 4828 tenentes
1149 4765 1199 4827 aui
1214 4770 1329 4828 tenent
1344 4766 1377 4828 in
1394 4765 1560 4830 Buranun
1576 4765 1749 4828 dimidium
1765 4766 1967 4848 quarterium

463 4852 486 4917 f.
503 4873 546 4916 m.
562 4853 604 4916 (16
619 4852 769 4917 Johanne
783 4852 919 4929 Avenel,
933 4856 967 4915 et
982 4850 1150 4916 Johannea
1165 4853 1205 4915 de
1220 4852 1367 4915 Johanne
1394 4851 1423 4914 le
1448 4851 1539 4928 Bere,
1563 4857 1597 4914 et
1620 4853 1709 4915 idem
1733 4850 1898 4916 Johannes
1924 4853 1965 4916 (16

462 4938 672 5043 Constantino
695 4941 737 5004 de
765 4940 896 5003 Mortuo
920 4940 1016 5018 Mari,
1043 4947 1077 5003 et
1092 4939 1326 5004 Constantinus
1349 4939 1389 5000 (16
1415 4939 1534 5002 comite
1549 4938 1732 5017 Warennie,
1751 4944 1786 5003 et
1800 4961 1906 5004 comes
1921 4941 1962 5004 de

464 5049 537 5112 rege
553 5050 603 5094 ac.

506 5191 670 5254 Johannea
693 5191 734 5253 de
759 5188 891 5272 Thorpp
914 5196 949 5252 et
971 5189 1077 5252 Alicia
1107 5208 1186 5250 uxor
1215 5188 1286 5272 ejus
1316 5191 1429 5249 tenent
1459 5189 1494 5247 in
1526 5185 1698 5251 Suaunoao
1728 5187 1772 5250 di.
1798 5187 1820 5251 i.
1846 5206 1890 5249 m.
1923 5189 1964 5250 (16

460 5278 673 5381 Constantino
698 5279 739 5340 (16
763 5277 896 5340 Mortuo
918 5276 1015 5355 Mari,
1043 5281 1076 5338 et
1103 5275 1335 5338 Constantinus
1359 5275 1397 5336 de
1420 5273 1539 5336 comite
1554 5273 1736 5349 Warennie,
1752 5280 1786 5336 et
1801 5293 1907 5338 comes
1922 5275 1963 5336 de

461 5385 536 5450 rege
551 5388 604 5431 1.6.

501 5529 665 5593 Hubertus
680 5527 800 5591 Hakuu
816 5531 907 5589 tenet
921 5528 955 5589 in
974 5527 1146 5594 8111116161)
1161 5527 1337 5589 dimidium
1352 5524 1550 5608 quarterium
1571 5523 1593 5588 f.
1611 5545 1653 5588 m.
1675 5523 1714 5586 (16
1730 5522 1800 5586 Α(16
1815 5524 1856 5586 (16
1871 5523 1958 5607 Caly,

459 5621 493 5678 et
508 5616 612 5679 Adam
627 5616 668 5678 de
681 5615 805 5676 Thoma
820 5616 859 5676 de
875 5613 1021 5693 Bellbus‚
1038 5621 1073 5676 et
1087 5613 1226 5675 Thomas
1241 5613 1279 5675 de
1296 5633 1372 5695 rege
1388 5613 1440 5676 1.6.

503 5778 684 5842 Willelmus
698 5778 738 5841 de
754 5775 843 5841 Clere
857 5780 892 5840 et
906 5780 1057 5840 tenentes
1071 5776 1123 5839 sui
1138 5781 1255 5840 tenent
1269 5776 1303 5839 ia
1324 5774 1504 5842 Srmsroua
1521 5774 1565 5838 di.
1583 5775 1605 5838 f.
1625 5794 1668 5837 m.
1679 5773 1719 5836 (16
1735 5772 1874 5836 Roberto
1891 5770 1959 5834 filio

459 5865 604 5947 Walteri,
621 5875 655 5930 et
671 5865 830 5929 Robertus
846 5865 886 5929 de
901 5884 977 5949 rege
991 5865 1045 5928 i.c.
