5000 7050
1119 1117 1203 1188 sl).
1228 1119 1324 1188 1428.
1905 1118 1969 1192 678

511 1405 678 1477 Johsnnes
704 1407 858 1476 Ookeieid
884 1415 979 1474 tenet
999 1409 1182 1475 inmediste
1211 1409 1253 1474 de
1284 1411 1433 1494 episcopo
1463 1407 1661 1474 Norvioensi
1691 1415 1781 1474 certa
1809 1413 1911 1474 terres
1935 1413 1971 1475 et

465 1501 656 1562 tenemento
678 1499 715 1560 in
739 1498 892 1578 Macron,
921 1499 1152 1577 Smnvusrou,
1175 1498 1343 1566 Ιιιιιιιιιιιι
1367 1507 1400 1560 et
1429 1497 1627 1564 Sumummn
1641 1518 1704 1582 que
1719 1517 1824 1582 nuper
1837 1496 1970 1562 fuerunt

467 1583 627 1651 Johannis
647 1583 834 1672 [Cckeielde
848 1583 920 1673 per]
941 1587 1111 1650 servicium
1122 1586 1150 1670 j.
1165 1584 1189 1653 f.
1204 1607 1249 1652 m.
1267 1594 1302 1649 et
1316 1591 1432 1671 qusrte
1447 1586 1548 1669 partis
1558 1583 1587 1668 j.
1602 1583 1625 1650 f.
1642 1607 1688 1652 m.

510 1721 650 1785 Thomas
664 1722 776 1788 Astlee
791 1727 884 1787 tenet
898 1723 1077 1787 inmediate
1092 1722 1134 1786 de
1150 1724 1301 1808 episcopo
1313 1721 1509 1786 Norwicensi
1520 1691 1608 1786 certe
1619 1727 1719 1786 terras
1735 1727 1769 1786 et
1783 1727 1972 1786 tenemento

466 1808 503 1871 in
517 1809 671 1886 Mauros,
687 1810 809 1876 Bosorr
823 1816 857 1874 et
873 1810 1032 1889 Bmsnou,
1046 1831 1109 1895 que
1123 1830 1229 1895 nuper
1242 1811 1376 1875 fuerunt
1391 1808 1557 1895 Radulphi
1573 1811 1683 1877 hstias
1704 1807 1775 1898 [per
1797 1811 1969 1874 servicium

467 1897 493 1982 j.
510 1894 550 1982 f.]
572 1919 617 1962 m.
635 1905 668 1960 et
684 1904 798 1980 quarte
811 1899 915 1982 partis
926 1897 954 1982 j.
971 1896 995 1965 f.
1011 1919 1057 1964 m.

511 2032 661 2100 Johsuna
675 2033 782 2099 Baoon
797 2039 890 2100 tenet
903 2034 1084 2100 inmediste
1098 2033 1139 2098 de
1152 2040 1304 2121 episcopo
1316 2033 1511 2100 Norwicensi
1521 2041 1611 2100 certa
1622 2039 1724 2099 terras
1734 2041 1769 2099 et
1783 2039 1972 2100 tenemento

466 2120 503 2183 in
535 2121 731 2188 Sumsnnnn
759 2128 794 2186 et
817 2123 984 2189 Lausum
1007 2142 1071 2209 que
1095 2140 1201 2206 nuper
1230 2124 1365 2187 fuerunt
1390 2122 1548 2191 iohannis
1579 2120 1685 2186 Bacon
1716 2143 1773 2206 per
1799 2123 1971 2188 servicium
2083 2191 2088 2199 ,

474 2205 513 2296 []’.
530 2209 554 2274 f.
570 2230 616 2275 m.
634 2206 685 2298 et]
706 2217 820 2295 quarte
835 2210 977 2294 partisj.
994 2209 1017 2275 f.
1033 2231 1079 2275 m.

510 2345 603 2410 Prior
627 2346 674 2410 de
693 2345 927 2432 Welsyngham
952 2351 1044 2410 tenet
1069 2346 1249 2411 inmodiste
1274 2345 1315 2411 de
1330 2345 1497 2416 willelmo
1523 2343 1676 2432 Oalthorp
1700 2352 1788 2412 certa
1809 2353 1913 2412 terras
1936 2352 1971 2412 et

466 2433 737 2606 tnelreuglugtputzji}
753 2434 934 2588 Sirenios,
971 2454 1034 2519 que
1069 2453 1174 2518 nuper
1209 2435 1343 2499 fuerunt
1380 2435 1524 2500 Simonis
1561 2434 1673 2513 Noers,
1702 2455 1759 2521 per
1796 2437 1970 2500 servicium

510 2655 651 2723 Thomas
664 2657 856 2739 Kerdeston‚
872 2657 976 2737 miles,
991 2663 1084 2724 tenet
1096 2657 1275 2722 inmediste
1290 2658 1331 2723 de
1345 2658 1449 2742 priore
1463 2658 1506 2723 de
1520 2656 1750 2743 Weisyngham
1764 2665 1853 2726 certa
1867 2665 1971 2726 terres

468 2750 503 2810 et
527 2752 717 2810 tene-ente
741 2747 786 2810 in·
806 2746 977 2826 Somnos,
1001 2765 1065 2832 qne
1079 2765 1182 2830 nuper
1195 2744 1328 2810 inerunt
1342 2744 1499 2810 Willelmi
1517 2744 1711 2826 Kerdcston,
1727 2767 1782 2831 per
1797 2748 1970 2813 servicium

469 2833 571 2898 tercie
585 2835 688 2919 pertis
696 2833 727 2919 j.
741 2832 766 2899 f.
780 2853 826 2900 m.

512 2969 652 3037 Thomas
675 2971 900 3056 Erpynghsm,
916 2969 1024 3049 miles,
1044 2974 1139 3035 tenet
1159 2969 1341 3036 inmedisto
1364 2970 1405 3036 de
1428 2971 1532 3055 priore
1557 2969 1599 3034 de
1622 2969 1857 3056 Wslsyngham
1882 2977 1972 3038 certe

469 3059 868 3230 {ffiffigfflpcntsmiu
887 3058 1123 3136 Summum,
1137 3077 1199 3144 que
1214 3077 1319 3142 nuper
1333 3055 1465 3124 inerunt
1491 3056 1733 3143 margaretam
1749 3057 1971 3146 Sexiyngham

514 3281 700 3348 wilielmus
719 3278 899 3370 [Wilbeye]
921 3285 1013 3346 tenet
1036 3280 1219 3346 inmediste
1242 3280 1285 3346 de
1310 3279 1481 3346 heredibus
1503 3281 1634 3346 comitis
1658 3281 1862 3350 Gloucestrie
1884 3289 1973 3350 certe

470 3375 569 3452 terras
598 3376 633 3434 et
662 3375 849 3434 tenemento
876 3372 913 3433 in
942 3367 1139 3445 (immons,
1167 3389 1231 3455 que
1266 3389 1369 3452 nuper
1406 3367 1540 3433 fuerunt
1570 3367 1720 3435 Johanne
1751 3371 1886 3447 hveneh
1914 3391 1972 3457 per

470 3458 644 3522 servicium
658 3456 843 3521 medietatis
853 3457 881 3541 j.
897 3456 921 3522 i.
938 3477 983 3522 m.

512 3592 675 3660 Johannes
711 3594 814 3677 sty,
851 3592 964 3657 Simon
1001 3590 1156 3680 [Sagge],
1187 3592 1301 3658 Simon
1332 3592 1454 3658 Gemer
1489 3602 1526 3659 et
1561 3598 1741 3678 percenarii
1776 3596 1828 3661 sni
1858 3602 1973 3661 tenent

468 3682 648 3747 inmediate
662 3680 703 3745 de
717 3680 887 3745 heredibus
902 3681 1033 3745 comitis
1047 3680 1251 3745 Gloucestrie
1266 3687 1356 3744 certa
1381 3688 1484 3745 terres
1506 3691 1541 3746 et
1563 3686 1764 3764 tenements,
1787 3705 1850 3769 que
1869 3703 1973 3769 nuper

469 3770 604 3833 inerunt
616 3768 774 3833 Willelmi
789 3768 830 3832 de
841 3768 1007 3832 Thirstord
1023 3774 1058 3831 et
1072 3768 1195 3832 Tbome
1209 3768 1251 3832 de
1266 3766 1452 3852 Greynston
1469 3769 1505 3831 in
1518 3768 1705 3837 Guunsonr
1719 3779 1753 3835 et
1775 3767 1972 3859 [Bernaba

470 3878 527 3941 per
539 3858 710 3921 servicium
725 3856 913 3920 medietatis
927 3855 952 3941 j.
968 3855 991 3920 f.
1007 3876 1052 3921 m.

514 3994 651 4061 Beatrix
678 3993 762 4059 Rose
789 3999 882 4058 tenet
911 3992 1093 4058 inmediate
1122 3994 1163 4059 de
1191 3991 1365 4059 heredibus
1394 3992 1477 4058 dicti
1513 3994 1644 4060 comitis
1680 4000 1767 4061 cortu
1802 4002 1903 4063 terres
1939 4004 1974 4062 et

470 4088 661 4148 tenementa
673 4084 709 4145 in
726 4082 947 4151 flammosos
960 4085 996 4145 et
1006 4081 1177 4160 ummo,
1188 4100 1253 4164 que
1263 4100 1368 4166 nuper
1378 4080 1676 4147 fueruntWillelmi
1689 4084 1731 4147 de
1740 4082 1903 4171 Ma[neby
1917 4082 1967 4174 et]

469 4178 624 4257 preantea
635 4168 797 4235 Johannis
811 4169 853 4233 de
867 4165 1098 4257 B[roughton]
1117 4188 1176 4253 per
1189 4169 1362 4235 servicium
1377 4175 1492 4256 quarte
1508 4170 1610 4252 pertis
1623 4170 1648 4257 j.
1663 4169 1688 4237 f.
1702 4191 1748 4237 m.

512 4304 670 4372 Katerina
693 4304 796 4391 Brigg
820 4310 912 4370 tenet
941 4304 1123 4371 inmediate
1152 4305 1193 4370 de
1221 4304 1394 4371 heredibus
1423 4305 1506 4370 disti
1535 4305 1666 4371 comitis
1694 4314 1784 4373 certe
1808 4315 1911 4374 terras
1938 4316 1974 4375 et

467 4398 658 4569 terpeplrlepta
671 4394 708 4457 in
723 4392 890 4463 vanuou
904 4414 1008 4478 nuper
1032 4392 1184 4480 Gregorii
1206 4391 1272 4478 Spa
1279 4390 1396 4481 [idyng
1409 4413 1468 4477 per
1482 4393 1655 4458 servicium
1671 4394 1720 4483 iij.
1736 4398 1972 4482 quarteriorum

468 4504 494 4570 1·
519 4588 660 4680 [Anus],
675 4592 842 4657 comitissa
855 4590 1042 4668 staffordia
1055 4596 1149 4658 tenet
1162 4591 1204 4657 de
1218 4592 1352 4657 domino
1365 4611 1441 4678 rege
1455 4596 1545 4656 certa
1560 4596 1663 4657 terras
1686 4599 1718 4658 et
1734 4598 1924 4663 tenemento
1937 4598 1973 4663 in

470 4679 649 4854 Πιὲιιὲιῗ,
674 4699 737 4765 que
760 4699 865 4763 nuper
890 4678 1025 4743 inerunt
1047 4679 1178 4745 comitis
1206 4679 1418 4759 Gloucestrie
1444 4699 1503 4764 per
1525 4682 1698 4745 servicium
1725 4688 1840 4767 quarte
1869 4687 1973 4771 pertis

466 4766 726 4968 1,ξιὲᾱιιιιιιιιὶιιε
750 4877 886 4961 Wynter
910 4883 1004 4942 tenet
1029 4878 1208 4943 inmediste
1230 4877 1272 4943 de
1296 4877 1467 4944 heredibus
1492 4876 1632 4968 Thome]
1653 4881 1694 4944 de
1719 4879 1855 4947 Neriord
1885 4889 1975 4950 certs

470 4972 571 5033 terras
593 4973 629 5032 et
653 4971 842 5030 tenemente
864 4965 899 5027 in
923 4965 1155 5050 Bonnamque
1180 4985 1284 5051 nuper
1305 4966 1437 5031 fuerunt
1460 4964 1600 5031 Simonis
1615 4968 1654 5031 de
1670 4966 1772 5033 Bosoo
1786 4976 1822 5035 et
1837 4968 1974 5036 Henrici

470 5054 628 5120 Hautvile
642 5073 701 5137 per
715 5053 886 5117 servicium
903 5053 1091 5117 medietatis
1105 5053 1130 5139 j.
1148 5053 1172 5119 f.
1187 5074 1233 5119 m.

521 5185 706 5277 [Elisabeth
729 5185 823 5251 Glere
847 5190 942 5250 tenet
962 5185 1144 5253 inmediate
1167 5186 1209 5253 de
1234 5186 1407 5253 heredibus
1430 5188 1513 5252 dicti
1536 5190 1665 5253 comitis
1691 5198 1778 5255 certa
1801 5196 1902 5257 terras
1916 5190 1967 5281 ct]

470 5280 659 5341 tenementa
671 5275 708 5337 in
723 5274 880 5341 Barrmm
895 5283 929 5337 et
945 5273 1155 5355 Huswonru,
1170 5294 1232 5361 que
1246 5295 1353 5361 nuper
1367 5276 1501 5340 fuerunt
1516 5274 1621 5341 hlioie
1637 5276 1764 5363 Reppee
1787 5286 1823 5345 et
1837 5280 1973 5345 Walteri

471 5360 639 5446 Calthorp,
652 5381 709 5445 per
723 5362 896 5425 servicium
907 5360 934 5445 j.
949 5361 973 5428 i.
990 5382 1036 5429 m.

514 5499 681 5567 Johsnnes
710 5494 873 5585 [Branche
896 5502 986 5563 tenet
1010 5498 1192 5563 inmediate
1217 5498 1257 5563 de
1283 5500 1427 5564 manerio
1451 5498 1492 5563 de
1517 5498 1674 5567 Horeford
1699 5506 1786 5567 certe
1811 5508 1914 5568 terres
1940 5510 1974 5571 et

469 5594 664 5763 {eximi
679 5582 910 5740 ifnnfinonnm]
930 5606 993 5671 que
1017 5606 1120 5671 nuper
1142 5584 1277 5651 fuerunt
1302 5586 1423 5674 Rogeri
1450 5584 1587 5653 Sotirlee
1607 5608 1665 5675 per
1688 5590 1862 5656 servicium
1877 5594 1974 5657 unius

515 5810 609 5875 Idem
621 5806 787 5875 Johannes
800 5813 894 5873 tenet
909 5808 950 5873 de
964 5807 1054 5874 dicto
1068 5810 1213 5876 macedo
1223 5808 1339 5962 rim
1353 5814 1455 5875 terras
1470 5816 1503 5877 et
1519 5818 1707 5879 tenemento
1720 5814 1756 5879 in
1772 5813 1925 5885 eroum
1938 5823 1974 5881 et

472 5898 682 6003 ‘Hunwosm
696 5917 759 5981 que
772 5915 878 5981 nuper
891 5895 1022 5962 fuerunt
1049 5894 1202 5983 Runline]

511 5987 529 6053 f
1245 5918 1263 5962 e
1286 5896 1432 5981 Birston,
1456 5920 1514 5989 per
1539 5901 1711 5967 servicium
1736 5908 1852 5986 qusrte
1872 5905 1977 5988 putta

467 6010 513 6077 Jf.
525 6036 536 6057 ·
550 6008 597 6056 m·
