5000 7050
529 1053 592 1116 518
1168 1049 1389 1118 NORFOLK.

571 1337 678 1401 Abbac
703 1339 743 1401 de
769 1337 874 1422 Oreyk
899 1343 989 1402 tenet
1004 1341 1038 1402 in
1054 1339 1171 1405 Norae
1187 1339 1301 1406 Cannu
1315 1344 1352 1402 et
1366 1341 1535 1404 Beuumu
1552 1338 1668 1404 unone
1683 1336 1764 1401 duas
1778 1346 1887 1420 partae
1900 1336 1926 1422 j.
1942 1337 1967 1402 f.
1982 1355 2028 1401 m.

528 1426 570 1489 de
585 1427 710 1510 Rogero
725 1426 793 1489 filio
808 1426 909 1505 Petri,
923 1431 956 1490 et
972 1427 1062 1490 idem
1077 1425 1118 1489 de
1133 1428 1254 1490 comite
1269 1425 1473 1505 Mareecalio‚
1488 1431 1523 1489 et
1537 1445 1644 1489 comes
1659 1423 1701 1489 de
1715 1443 1899 1594 roge¹¹¹va
1916 1509 1986 1595 νὼ..
1995 1509 2029 1574 ὦ.

574 1625 758 1692 Willelmus
773 1625 814 1689 de
830 1624 984 1709 Oalthorp
999 1629 1091 1689 tenet
1105 1627 1139 1688 in
1157 1626 1275 1691 Noenu
1292 1625 1404 1692 Car-mu
1419 1625 1444 1710 j.
1463 1626 1485 1690 f.
1503 1647 1547 1689 m.
1564 1625 1606 1688 de
1621 1625 1739 1687 comite
1763 1623 1977 1696 Gloucestrie,
1999 1629 2034 1685 et

528 1712 614 1774 idem
631 1712 671 1774 de
685 1732 772 1797 rege,
789 1713 874 1795 quod
890 1712 1055 1781 Walterue
1069 1713 1109 1776 de
1124 1712 1277 1796 Calthorp
1292 1713 1456 1797 quondam
1474 1714 1582 1776 tenuit
1651 1751 1662 1763 -
1753 1752 1764 1762 -
1854 1751 1865 1761 -
1953 1711 2029 1775 xia.

573 1848 757 1915 Willelmue
781 1848 823 1912 de
850 1848 1008 1934 Oalthorp
1031 1855 1125 1914 tenet
1147 1851 1182 1913 in
1206 1851 1324 1915 Nonne
1342 1851 1454 1916 Canum
1468 1855 1502 1912 et
1516 1850 1684 1915 Bauunuu
1701 1850 1816 1914 Tuom>
1830 1848 1876 1912 di.
1893 1847 1915 1912 f.
1931 1847 2031 1911 mdc

530 1937 657 2020 Rogero
671 1936 738 1999 filio
754 1936 853 2016 Petri,
869 1945 904 2000 et
917 1937 1005 2000 idem
1021 1937 1061 2002 do
1076 1940 1195 2002 comite
1212 1937 1411 2015 Mareeeallo,
1427 1943 1462 2001 et
1476 1957 1581 2001 comes
1595 1937 1636 1999 de
1662 1957 1745 2022 rege,
1772 1935 1858 2018 quod
1886 1934 2031 2020 Rogatus

528 2024 569 2086 de
584 2020 737 2107 Calthorp
753 2027 915 2108 quondam
929 2025 1039 2090 tenuit
1134 2063 1854 2076 --------
1943 2043 2028 2086 xmo.

573 2161 687 2239 Alicio,
702 2161 770 2223 filia
783 2160 942 2224 Johannie
956 2161 997 2224 de
1013 2160 1190 2246 Bellefago,
1202 2165 1294 2225 tenet
1309 2162 1342 2224 in
1361 2161 1473 2228 Soura
1490 2159 1657 2228 Secundi.
1669 2159 1692 2226 f.
1704 2181 1747 2224 m.
1761 2159 1801 2223 de
1813 2159 1945 2224 domino
1955 2179 2030 2244 rege

528 2249 581 2313 ic.
598 2249 683 2332 quod
698 2248 833 2311 heredes
847 2249 888 2312 de
903 2247 1068 2333 Bellefago
1083 2249 1246 2330 quondam
1261 2253 1443 2312 tenuerunt
1542 2289 1553 2298 -
1643 2288 1654 2299 -
1745 2287 1755 2298 -
1845 2288 1856 2298 -
1945 2269 2028 2312 xxo.

571 2610 755 2676 Willelmue
781 2609 931 2674 Duraunt
953 2615 988 2673 et
1013 2610 1200 2675 Milioencia
1225 2631 1305 2674 uxor
1328 2608 1397 2694 ejus
1421 2614 1534 2674 tenent
1560 2611 1594 2671 in
1609 2608 1802 2676 Wuuaeonu
1825 2609 1870 2674 di.
1888 2609 1911 2674 f.
1928 2608 2028 2673 mdc

526 2696 675 2760 Johanne
704 2696 845 2776 Bardolf,
877 2697 961 2761 unde
990 2700 1076 2781 prior
1107 2697 1218 2761 Sancti
1249 2695 1409 2781 Stephani
1439 2698 1479 2761 de
1508 2693 1696 2760 Fakenham
1727 2699 1820 2759 tenet
1853 2695 2027 2760 dimidium

526 2785 738 2865 quarterium,
752 2786 837 2868 quod
853 2785 1004 2848 dominus
1018 2785 1164 2870 Rogerue
1177 2785 1220 2848 de
1235 2783 1354 2848 Sancto
1368 2784 1512 2847 Martino
1527 2783 1690 2867 quondam
1707 2785 1818 2848 tenuit
1842 2822 1852 2833 ·
1940 2804 2026 2848 xx.a.

568 2920 733 2985 Johannee
757 2921 797 2986 de
819 2921 965 3005 Norwico
989 2927 1082 2986 tenet
1105 2923 1141 2984 in
1169 2922 1367 2990 Suonrnoap
1392 2923 1525 2985 terciam
1541 2927 1663 3005 partem
1679 2921 1704 3008 j.
1720 2921 1744 2986 f.
1761 2942 1805 2986 m.
1822 2921 1864 2984 de
1878 2920 1973 2984 feodo
1987 2920 2027 2984 de

525 3009 635 3159 &eliget
649 3008 836 3148 de.d⁰mi.n⁰
851 3028 926 3146 rene
940 3007 1275 3148 i.c.-quod·Johannee
1290 3010 1330 3147 <ie
1339 3010 1521 3148 Warennia,
1533 3029 1639 3147 comes
1653 3010 1692 3073 de
1704 3009 2027 3181 Sunussjouogiffurdrr

568 3231 752 3298 Willelmue
778 3231 819 3296 de
834 3232 968 3316 Vauncy
984 3237 1077 3298 tenet
1096 3233 1126 3316 j.
1141 3233 1165 3298 f.
1181 3253 1226 3297 m.
1242 3234 1277 3296 in
1292 3232 1394 3300 Wnsu
1420 3233 1580 3299 Bmsnm
1605 3233 1644 3296 de
1660 3233 1780 3296 comite
1795 3232 1978 3310 Warennie‚
1994 3237 2029 3296 et

522 3340 628 3383 comes
643 3319 684 3383 de
699 3339 775 3404 rege
834 3359 1862 3372 -----------
1951 3321 2027 3385 xla.

566 3445 589 3509 J
590 3446 732 3510 ohannes
746 3446 787 3510 de
800 3446 957 3527 Norwico,
972 3447 1076 3527 miles,
1093 3452 1128 3509 et
1143 3444 1284 3510 Thomas
1299 3447 1338 3510 de
1352 3445 1575 3533 Waldegrave,
1592 3448 1648 3531 qui
1662 3451 1713 3511 est
1728 3447 1762 3510 in
1778 3447 1925 3510 custodia
1946 3447 2026 3512 dicti

523 3533 693 3614 Johannie,
709 3540 829 3599 tenent
853 3536 888 3598 in
914 3533 983 3601 Eur
1009 3536 1170 3601 Buranun
1196 3536 1242 3600 di.
1259 3534 1283 3601 f.
1300 3557 1344 3599 m.
1370 3535 1412 3598 de
1434 3535 1529 3599 feodo
1554 3534 1715 3614 Bemund,
1729 3541 1764 3598 et
1785 3537 1873 3599 idem
1888 3536 1927 3599 de
1942 3556 2026 3619 rege,

522 3623 607 3705 quod
622 3622 786 3686 Johannes
801 3622 841 3686 de
856 3623 1042 3703 Warennia,
1058 3643 1166 3687 comes
1181 3622 1321 3699 Surreie,
1334 3622 1498 3706 quondam
1514 3623 1647 3685 tenuit·
1739 3662 1750 3673 -
1841 3662 1851 3673 -
1940 3642 2024 3688 xmo.

566 3759 709 3824 Heredes
726 3760 862 3824 Henrici
877 3760 916 3823 de
931 3759 1087 3828 Warham
1103 3764 1218 3824 tenent
1232 3762 1267 3822 in
1283 3760 1353 3826 Ean
1369 3761 1528 3827 Buasnuu
1543 3760 1589 3825 di.
1606 3761 1629 3825 s.
1647 3780 1691 3824 m.
1707 3758 1746 3823 de
1761 3758 1911 3824 Johanne
1935 3760 2024 3841 Bule,

521 3852 556 3911 et
569 3848 655 3910 idem
670 3847 712 3910 de
728 3847 750 3910 J
751 3845 878 3911 ohanne
893 3848 935 3910 de
949 3848 1106 3926 Norwico,
1121 3854 1156 3911 et
1169 3848 1258 3911 idem
1273 3847 1403 3933 detege
1434 3886 1851 3899 -----
1938 3869 2023 3917 xmo.

563 3985 731 4050 Johcnnee
757 3986 894 4050 Bardoli
913 3986 954 4049 de
980 3986 1231 4071 Mapulderham
1258 3991 1351 4050 tenet
1376 3988 1411 4048 in
1437 3985 1506 4051 Ean
1531 3984 1690 4051 Bursam
1706 4005 1808 4048 unum
1824 3988 2022 4071 quarterium

518 4073 656 4223 aliumue
671 4070 794 4212 honore
808 4074 1083 4213 d⁹.Wynf¹⁰⁸⁶y.e’
1093 4075 1178 4213 quod
1194 4075 1506 4213 dominueitogerue
1522 4073 1567 4211 de
1576 4072 1696 4209 Sancto
1706 4072 1852 4210 Martino
1860 4076 2021 4228 ouondiargr.

564 4287 706 4350 Andreae
722 4286 872 4350 Braunch
886 4293 980 4351 tenet
994 4288 1028 4350 in
1045 4288 1163 4353 Noenu
1178 4289 1338 4354 Buasmu
1353 4287 1398 4351 di.
1415 4285 1440 4352 f.
1456 4307 1501 4350 m.
1516 4285 1557 4349 de
1573 4286 1666 4349 feodo
1681 4286 1875 4365 Blamueter,
1887 4291 1923 4351 et
1937 4288 2021 4353 idem

521 4376 561 4439 de
576 4376 696 4438 comite
710 4374 895 4454 Warennie,
910 4380 944 4437 et
959 4394 1066 4438 comeo
1080 4374 1121 4439 de
1136 4395 1225 4461 rege,
1241 4375 1327 4457 quod
1343 4373 1521 4437 Nicholauc
1536 4372 1686 4437 Braunch
1701 4374 1865 4457 quondam
1880 4376 1989 4440 tenuit

1933 4484 2019 4529 xxc.

564 4574 744 4640 Willelmus
773 4573 920 4658 Wauncy
949 4580 1042 4639 tenet
1066 4576 1102 4638 iu
1135 4576 1253 4641 Neara
1291 4575 1451 4641 Bmsmu
1489 4576 1729 4654 tenementum,
1768 4575 1853 4659 quod
1892 4583 2022 4640 vocatur

522 4664 730 4735 Somnum,
745 4681 803 4743 pro
817 4661 862 4726 di.
879 4660 903 4726 f.
919 4682 965 4728 m.
981 4661 1022 4727 de
1035 4664 1155 4727 comite
1169 4663 1355 4739 waremie,
1378 4668 1413 4726 et
1428 4680 1536 4725 comeo
1551 4660 1593 4723 de
1617 4681 1704 4745 rege,
1728 4661 1814 4745 quod
1839 4661 2022 4729 Willelmue

519 4750 607 4812 filius
622 4746 773 4811 Nicholai
788 4748 949 4833 quondum
964 4751 1072 4815 tenuit
1125 4788 1847 4801 --------
1921 4771 2019 4817 ·xx.a.

563 4876 722 4940 Robertue
736 4876 856 4959 Pavely
870 4882 962 4940 tenet
977 4878 1013 4941 in
1028 4878 1137 4944 Puram
1152 4879 1310 4943 Rmuaoa
1325 4878 1462 4941 terciam
1478 4882 1605 4959 partem
1620 4876 1645 4961 j.
1661 4874 1685 4940 f.
1702 4896 1747 4941 m.
1763 4877 1804 4940 de
1818 4875 1967 4943 Johanne
1981 4879 2021 4943 de

519 4964 675 5043 Notitiae,
691 4968 724 5026 et
740 4965 829 5028 idem
845 4963 886 5029 de
902 4986 992 5051 rege,
1007 4967 1094 5052 quod
1108 4963 1276 5029 Johannee
1292 4963 1414 5047 Pavely
1428 4963 1592 5048 quondam
1607 4964 1717 5026 tenuit
1797 4964 1900 5050 xiijo·
1916 4964 2018 5052 i1ij..d

562 5101 729 5167 Johannee
753 5103 793 5166 de
816 5104 1026 5169 Rattelecden
1052 5108 1147 5168 tenet
1175 5105 1211 5167 in
1241 5104 1351 5168 Punvu
1380 5104 1519 5168 Bracae
1548 5102 1628 5165 duas
1658 5106 1765 5183 partes
1789 5102 1816 5185 j.
1847 5103 1870 5167 f.
1900 5124 1945 5169 m.
1980 5105 2020 5168 de

519 5191 687 5254 heredibus
710 5192 742 5255 ie
769 5191 860 5255 Reda
886 5190 1008 5276 Comyn
1032 5191 1074 5255 de
1097 5191 1232 5255 baronia
1255 5191 1296 5254 de
1320 5190 1492 5273 Valonyea,
1515 5194 1549 5252 et
1571 5190 1659 5252 idem
1676 5188 1716 5251 de
1732 5209 1818 5273 rege,
1836 5191 1921 5255 unde
1937 5194 2021 5275 prior

520 5278 636 5342 Sancte
662 5278 753 5342 Fidis
778 5286 868 5342 tenet
893 5287 1042 5360 quartam
1069 5283 1197 5362 partem
1223 5278 1247 5363 j.
1266 5278 1289 5341 s.
1306 5298 1351 5342 m.
1367 5298 1464 5361 quam
1481 5277 1592 5339 Simon
1608 5277 1649 5339 de
1665 5275 1843 5340 Rutlesdeu
1859 5278 2019 5361 quondam

518 5368 626 5430 tenuit
656 5403 1681 5416 -----------
1770 5364 1889 5447 xxvj.a.
1909 5365 2019 5452 viij.d.

562 5503 726 5567 Johannee
749 5504 790 5567 de
814 5503 992 5587 Pulteneye
1018 5508 1111 5567 tenet
1140 5502 1321 5565 manerium
1351 5502 1391 5566 de
1421 5502 1690 5567 Funuounnsrou
1720 5501 1761 5565 de
1786 5502 1951 5569 Willelmo
1980 5505 2020 5568 de

519 5590 694 5674 Calethorp
709 5611 765 5674 per
779 5588 815 5676 ij.
832 5589 855 5655 f.
871 5611 916 5655 m.
930 5597 965 5654 et
978 5589 1065 5652 idem
1076 5588 1259 5657 Willelmua
1274 5589 1314 5652 de
1329 5590 1447 5653 comite
1462 5590 1648 5668 Warennie,
1659 5594 1694 5652 et
1708 5608 1816 5652 comes
1831 5590 1872 5653 de
1888 5590 2019 5655 domino

518 5676 705 5782 rege,·unde
719 5675 886 5779 Johannee
900 5679 942 5741 de
956 5675 1088 5740 Briston
1103 5683 1197 5741 tenet
1210 5677 1245 5739 in
1262 5677 1414 5745 Bauerou
1429 5677 1463 5779 in
1480 5673 1647 5740 hundredo
1662 5676 1703 5739 de
1718 5675 1799 5737 Holt
1815 5676 1860 5740 di.
1877 5678 1902 5743 f.
1918 5699 1964 5745 m.
1980 5686 2019 5742 ut

517 5762 1690 5937 &extenuaretditur?{33:2322251053333232‘*
1714 5782 1771 5899 ¹³5⁰
1798 5762 1883 5900 ‘¹¹1⁵
1908 5766 2018 5918 mat?

1388 5943 1431 6017 (et
1446 5936 1614 6001 residuum
1627 5938 1662 6000 in
1678 5936 1845 6001 hundredo
1859 5942 1900 6003 de
1911 5940 2016 6019 Heli.)
