5000 7050
1181 1078 1389 1146 LINGOLN.

643 1362 867 1436 Wsssuusurs
888 1389 933 1436 us
955 1369 1282 1452 ASWARDHERN,
1305 1367 1561 1448 AVELOUND,
1585 1375 1618 1434 et
1641 1366 1932 1437 Buuuusuow.

577 1529 755 1614 Inquisicio
776 1537 871 1615 capta
892 1535 978 1616 apud
1000 1533 1108 1618 Digby
1130 1535 1182 1598 die
1208 1535 1302 1598 Jovis
1328 1536 1474 1618 proximo
1501 1539 1575 1614 post
1597 1531 1717 1598 festum
1741 1532 1890 1616 Corporis
1912 1529 2033 1596 Christi

530 1638 616 1681 anno
637 1621 731 1702 regni
752 1624 838 1703 regis
860 1621 993 1684 Henrici
1016 1623 1124 1704 quarti
1146 1624 1249 1685 tercio
1271 1642 1379 1685 coram
1403 1620 1568 1684 Willelmo
1591 1621 1684 1683 Belle
1709 1631 1743 1684 et
1758 1618 1907 1683 Johanne
1930 1618 2035 1701 Story,

531 1707 816 1770 commissionariis
844 1705 984 1794 [domini
1006 1711 1090 1795 regis
1113 1711 1147 1772 iu
1170 1705 1334 1794 partibus]
1364 1709 1404 1772 de
1428 1709 1593 1772 Kestsveu
1615 1710 1649 1770 in
1673 1710 1832 1771 comitatu
1866 1705 2034 1769 Lincolnie

531 1794 573 1856 ad
605 1794 833 1876 inquirendum
864 1816 928 1877 que
961 1803 1044 1859 terre
1077 1804 1112 1860 et
1142 1803 1332 1860 tenementa
1363 1803 1518 1859 tenentur
1551 1796 1591 1858 de
1623 1815 1696 1880 rege
1731 1795 1800 1858 siue
1835 1793 1952 1870 medio,
1976 1813 2033 1875 per

532 1888 769 1943 sacramentum
792 1881 928 1945 Roberti
949 1883 1107 1946 Mannder
1129 1884 1169 1947 de
1192 1884 1351 1966 Iwardby‚
1376 1883 1507 1946 Ricardi
1529 1882 1658 1966 Payuyf
1688 1882 1729 1944 de
1752 1883 1876 1960 eadem,
1901 1880 2034 1944 Roberti

528 1968 570 2031 de
592 1968 734 2044 Evedon,
748 1966 907 2032 Johauuis
930 1969 998 2054 Fey
1012 1973 1052 2033 de
1076 1971 1202 2046 eadem,
1216 1972 1352 2034 Antonii
1367 1971 1406 2034 de
1423 1970 1565 2052 Spauby,
1580 1970 1715 2032 Roberti
1738 1968 1855 2046 Bozon,
1871 1968 2029 2031 iohannis

532 2055 699 2133 Fernham,
714 2054 872 2120 Johannis
895 2056 1012 2139 Bryau,
1026 2057 1151 2121 Thome
1175 2057 1326 2143 Iugbam,
1341 2056 1462 2140 Bryani
1485 2058 1525 2120 de
1546 2056 1577 2120 la
1591 2057 1691 2132 Mare,
1708 2053 1866 2119 Johannis
1881 2054 2032 2132 Oundeli,

530 2140 687 2293 Johainnis
710 2142 842 2226 Draper,
859 2149 895 2208 et
918 2145 1068 2230 Hugouis
1090 2146 1130 2210 de
1145 2147 1351 2231 Lavyngtou,
1366 2146 1423 2230 qui
1438 2146 1553 2209 dicunt
1568 2165 1665 2229 super
1681 2149 1915 2207 sacramentum
1937 2162 2034 2206 suum

533 2250 598 2313 quo
631 2252 685 2295 :—

574 2455 752 2540 Episcopus
775 2457 1012 2521 Lincolnieusis
1034 2462 1126 2523 tenet
1148 2464 1292 2523 castrum
1315 2464 1348 2522 et
1364 2459 1548 2522 manerium
1563 2458 1601 2521 de
1619 2457 1773 2524 Sunnosu
1787 2477 1863 2520 oum
1878 2453 2034 2518 membris

533 2549 568 2608 et
583 2544 792 2627 pertinenciis
806 2547 873 2608 suis
887 2546 923 2609 in
944 2542 1216 2634 [Quaeruurou]‚
1232 2547 1383 2626 Euenos,
1401 2547 1559 2625 Howsuu,
1586 2550 1621 2609 et
1647 2546 1778 2611 Bsoron
1802 2544 1841 2607 de
1864 2563 1938 2628 rege
1962 2543 2034 2605 sine

532 2633 641 2696 medio
654 2633 690 2696 in
705 2653 820 2716 puram
834 2638 869 2696 et
883 2641 1072 2718 perpetuam
1088 2635 1308 2712 elemosinam,
1325 2641 1375 2698 set
1388 2635 1538 2697 nesciunt
1553 2633 1774 2718 quantitatem
1791 2630 1968 2695 feodorum.

578 2772 739 2836 Walterus
753 2772 981 2856 Pedewardyu,
995 2771 1148 2850 chivaler‚
1163 2777 1258 2837 tenet
1273 2773 1312 2836 de
1326 2792 1402 2856 rege
1418 2773 1487 2836 sine
1502 2772 1611 2835 medio
1626 2771 1808 2834 manerium
1832 2768 1872 2832 de
1896 2768 2033 2834 Bouron

533 2860 764 2927 Psuswsnoru
778 2881 852 2924 cum
867 2861 1023 2924 membris
1036 2867 1071 2924 et
1086 2862 1294 2944 pertinenciis
1309 2863 1377 2924 suis
1392 2880 1448 2944 per
1462 2860 1629 2924 baroniam
1644 2858 1816 2942 integram.

576 2997 738 3076 Johanua,
752 2998 917 3063 comitissa
931 2999 1066 3077 Kaucie,
1081 3004 1174 3064 tenet
1185 2997 1212 3084 j.
1230 2998 1254 3063 f.
1271 3021 1316 3064 m.
1332 3000 1368 3064 in
1383 2998 1503 3066 Banna
1519 2999 1561 3062 de
1574 3018 1649 3082 rege
1664 2997 1732 3060 sine
1749 2995 1866 3060 medio.

552 3132 741 3284 'JOhmiin'ffl
755 3133 896 3218 Speuser
908 3139 999 3199 tenet
1015 3134 1061 3201 di.
1079 3136 1102 3200 f.
1119 3156 1164 3200 m.
1192 3137 1228 3198 in
1242 3134 1581 3212 iterumiterum?
1606 3139 1641 3197 et
1667 3131 1876 3200 Mrunruons
1899 3130 1939 3195 de
1960 3150 2036 3216 rege

534 3240 604 3285 8111&
619 3242 672 3284 me
695 3243 739 3287 10·

578 3359 749 3437 Henricus,
762 3358 849 3422 filius
865 3366 899 3424 et
913 3359 1004 3424 heres
1018 3359 1041 3423 J
1041 3359 1178 3424 ohannis
1193 3361 1234 3425 de
1250 3359 1345 3425 Bello
1361 3360 1476 3424 Monte
1491 3359 1652 3438 defuncti,
1667 3360 1725 3443 qui
1740 3364 1791 3422 est
1803 3359 1887 3422 infra
1902 3361 2036 3436 etatem,

532 3447 615 3510 etin
631 3446 779 3510 custodia
794 3446 919 3511 domini
933 3449 1026 3533 regis,
1041 3453 1133 3513 tenet
1147 3449 1187 3512 de
1202 3450 1273 3531 ipso
1287 3469 1363 3533 rege
1378 3449 1446 3512 sine
1461 3448 1569 3511 medio
1585 3452 1725 3511 castrum
1739 3452 1775 3510 et
1790 3447 1972 3510 manerium
1993 3445 2033 3508 de

532 3534 761 3601 eumcum
790 3556 865 3599 cum
902 3537 1054 3601 membris
1091 3544 1124 3601 et
1162 3539 1373 3621 pertinenciis
1410 3537 1477 3600 suis
1514 3537 1548 3598 in
1586 3536 1828 3613 Funscmu,
1864 3535 2035 3601 Eanum

534 3622 731 3703 Hsnruron,
746 3623 857 3704 Kurra,
871 3622 1025 3692 stanar
1041 3631 1076 3689 et
1089 3624 1205 3689 multis
1220 3626 1299 3689 locis
1314 3626 1392 3688 alibi
1408 3646 1464 3709 per
1479 3625 1658 3689 baroniam.

577 3762 728 3845 Hauysia
756 3762 902 3826 Luterell
932 3768 1026 3827 tenet
1055 3763 1098 3826 ad
1128 3764 1305 3828 terminum
1332 3764 1399 3827 vite
1429 3783 1485 3827 sue
1514 3761 1699 3825 manerium
1737 3760 1778 3825 de
1810 3760 1944 3827 Ianuari
1978 3777 2037 3842 per

535 3850 708 3915 servicium
722 3870 779 3914 un.
796 3851 820 3916 f.
835 3872 880 3915 m.
896 3850 937 3914 de
952 3871 1030 3936 rege
1045 3852 1112 3915 sine
1127 3852 1248 3917 medio.

584 3986 746 4078 sstogerus
759 3988 792 4052 le
807 3986 924 4073 Scrope
938 3994 1031 4054 tenet
1046 3990 1091 4056 di.
1109 3990 1132 4055 f.
1148 4010 1193 4055 m.
1210 3991 1246 4053 iu
1261 3989 1375 4057 Esuorr
1391 3990 1431 4053 de
1446 4010 1522 4074 rege
1538 3988 1608 4051 sine
1623 3981 1762 4071 medin]

578 4129 618 4192 In
634 4127 727 4213 cujus
742 4128 794 4192 rei
808 4129 1033 4193 testimonium
1048 4135 1112 4196 etc.

846 4472 1069 4540 Wssunrssrs
1090 4492 1135 4538 uu
1157 4467 1409 4539 FLAXWELL
1433 4491 1475 4537 us
1497 4466 1732 4537 LANGOWE.

579 4634 758 4737 Inquisicio
772 4641 867 4737 capta
880 4636 972 4739 ⁸9¹3d.
982 4637 1138 4738 Ancastrs
1153 4633 1206 4738 die
1222 4635 1315 4700 Lune
1328 4626 1475 4737 proximo
1499 4638 1573 4719 post
1595 4632 1715 4697 festum
1740 4628 1887 4714 Corporis
1914 4626 2037 4693 Christi

535 4742 825 4873 111ζὲ111ἓὲῐὲ
840 4720 2038 4895 1111111111Ἑὲ111181111111151;1111ῗὲιὲἒὲ

536 4897 673 4960 Roberti
696 4895 857 4981 Rivelyng
881 4898 922 4961 de
946 4896 1120 4982 Drington,
1149 4897 1282 4961 Roberti
1303 4898 1399 4961 Ward
1415 4898 1455 4961 de
1471 4896 1618 4973 Boteroe,
1636 4892 1795 4957 Willelmi
1822 4892 2038 4976 Steresgarth,

537 4984 866 5156 Zgglffilssioblteueuet,
877 4984 898 5048 J
900 4984 1036 5049 ohannis
1046 4984 1186 5069 Marom,
1194 4994 1229 5049 et
1240 4984 1262 5049 J
1263 4987 1355 5049 acobi
1365 4984 1492 5069 Wrytb,
1500 4986 1556 5070 qui
1566 4982 1681 5047 dicunt
1694 5001 1789 5064 super
1801 4984 2038 5044 sacramentum

580 5312 727 5377 Elmerus
744 5312 924 5377 Maleverer
938 5317 1034 5376 tenet
1047 5332 1146 5375 uuam
1161 5318 1346 5377 carucatam
1362 5318 1446 5377 terre
1462 5313 1496 5375 iu
1512 5310 1648 5379 Rmusu
1671 5310 1711 5373 de
1734 5329 1811 5395 rege
1837 5309 1905 5373 siue
1931 5306 2040 5372 medio

535 5422 594 5487 per
609 5402 782 5465 servicium
797 5401 954 5479 militare,
968 5407 1017 5465 set
1032 5403 1252 5484 quantitatem
1268 5399 1398 5465 servicii
1412 5402 1577 5485 ignorant.

581 5537 733 5617 Thomas,
747 5537 898 5601 dominus
923 5539 963 5601 de
988 5539 1131 5617 Barduli,
1146 5544 1234 5603 tenet
1261 5540 1445 5603 manerium
1459 5537 1498 5601 de
1512 5537 1731 5603 Rusurnouou
1747 5554 1822 5597 cum
1837 5533 1989 5597 membris
2005 5539 2040 5597 st

537 5628 749 5711 pertinenciis
766 5626 832 5687 suis
847 5632 882 5688 et
896 5628 1077 5690 manerium
1092 5629 1132 5691 de
1144 5628 1245 5694 Wssu
1260 5628 1424 5694 Bsaoucu
1440 5646 1515 5689 cum
1529 5625 1683 5687 membris
1698 5628 1732 5687 et
1746 5623 1957 5706 pertinenciis
1973 5622 2041 5684 suis

536 5714 706 5867 isnhffigr
730 5718 766 5776 et
787 5711 885 5777 aliabi
910 5712 979 5794 (sic)
997 5714 1038 5777 de
1053 5736 1128 5801 rege
1144 5718 1212 5779 sine
1227 5716 1334 5779 medio
1349 5736 1406 5799 per
1420 5713 1598 5790 baroniam,
1613 5716 1652 5776 ut
1667 5709 1838 5796 parcellam
1853 5708 1985 5773 baronis
1999 5709 2039 5772 de

579 5935 728 6019 Rogems
743 5933 892 6019 Crystiau
907 5943 998 6003 tenet
1013 5938 1081 6009 ,aa
1097 5946 1225 6027 partem
1240 5962 1297 6007 un.
1313 5940 1336 6007 f.
1352 5961 1396 6005 m.
1414 5940 1448 6003 iu
1466 5936 1651 6007 scomma
1665 5932 1704 5997 de
1718 5953 1795 6017 rege
1810 5933 1878 5997 sine
1894 5932 2012 5999 medio.
