5000 7050
535 1089 599 1156 254
1189 1100 1396 1170 LINOOLN.

577 1382 691 1448 comes
705 1385 893 1452 Arundellie
907 1393 997 1454 tenet
1012 1413 1068 1457 un.
1084 1393 1108 1459 f.
1125 1414 1171 1459 m.
1186 1393 1222 1457 in
1236 1395 1442 1462 Amanown
1459 1396 1498 1459 de
1514 1395 1646 1460 domiuo
1660 1413 1737 1479 rege
1763 1393 1816 1459 i.o.
1854 1391 2036 1473 (Gonccllcd

537 1471 613 1553 quia
628 1471 661 1534 in
677 1472 742 1535 alia
756 1474 996 1559 inquisicione.)

577 1633 756 1718 Episcopus
764 1637 1001 1704 Linoolniensis
1011 1646 1102 1705 tenet
1112 1643 1147 1705 in
1157 1643 1327 1722 Rursum,
1342 1643 1522 1715 Sacranos.
1532 1645 1654 1711 Manus
1668 1641 1849 1720 Sesamos,
1859 1642 2035 1721 Buranun,

534 1720 747 1801 Bonrseaou,
764 1726 1000 1806 Summanu,
1023 1734 1058 1792 et
1074 1730 1312 1797 Sunnnssnoun
1328 1732 1364 1815 ij.
1382 1734 1405 1798 f.
1422 1745 1457 1796 et
1471 1733 1544 1816 vj⁸¹1¹
1564 1737 1689 1816 partem
1699 1730 1727 1815 j.
1744 1731 1767 1796 f.
1784 1731 1823 1794 de
1838 1751 1911 1815 rege
1926 1732 1980 1796 ic.
1996 1735 2035 1794 nt

534 1810 709 1889 parcellam
723 1814 951 1896 temporalium
967 1817 1169 1901 episcopatus
1184 1819 1352 1883 Linoolnie
1366 1821 1400 1883 in
1417 1841 1531 1904 puram
1546 1826 1580 1883 et
1599 1826 1791 1904 perpetuam
1813 1818 2033 1884 elemosinam.

582 1972 696 2039 comes
721 1976 953 2044 Northumbrie
979 1986 1071 2046 tenet
1096 1983 1132 2046 in
1162 1982 1380 2062 Lunnnroan,
1408 1983 1629 2061 Knvnnuoun,
1658 1981 1848 2060 ancnsnr,
1877 1981 2034 2060 Hennam,

537 2061 762 2142 werimum,
811 2067 1060 2148 Sunnnmmnn,
1110 2070 1277 2148 Ennaeas,
1324 2065 1486 2150 Annam,
1539 2071 1745 2148 Sassuram),
1790 2069 2035 2147 Gununanoan,

537 2147 731 2231 Lnnneunr,
747 2153 857 2220 Puera
871 2155 1039 2235 Rimmon,
1053 2159 1198 2236 Rnsaou,
1213 2159 1381 2239 Kranaos,
1406 2165 1439 2224 et
1463 2161 1667 2225 Emisenos
1689 2156 1726 2240 ij.
1743 2156 1766 2221 f.
1782 2156 1884 2239 11111·ιη
1896 2162 2035 2239 purtem,

537 2241 573 2300 et
588 2237 685 2321 viij⁸¹¹¹
704 2245 830 2321 partem
842 2241 869 2326 j.
886 2243 910 2310 1.
925 2264 971 2310 m.
987 2247 1028 2308 de
1043 2245 1175 2309 domino
1189 2266 1267 2330 rege
1292 2249 1346 2312 i.o.
1372 2252 1410 2311 nt
1433 2247 1606 2328 parcellam
1632 2245 1718 2307 feodi
1745 2244 1785 2308 de
1810 2242 1922 2327 Percy,
1948 2244 2035 2327 quod

537 2324 668 2407 quidem
695 2324 825 2392 feodum
846 2334 896 2393 est
918 2331 1058 2415 parcella
1071 2335 1209 2398 manerii
1223 2335 1264 2398 de
1281 2334 1438 2419 Spnfford,
1455 2335 1542 2419 quod
1556 2332 1692 2418 quidem
1707 2331 1888 2396 manerium
1903 2336 2037 2395 tenetur

537 2412 579 2474 de
595 2411 727 2476 domino
741 2435 817 2501 rege
831 2438 889 2502 per
904 2418 1080 2486 baroniam.

581 2569 621 2633 In
636 2566 686 2653 cuj
692 2588 728 2631 us
742 2570 791 2633 rei
805 2572 1032 2636 testimonium
1047 2579 1108 2637 etc.

1156 3306 1254 3380 Ad).
1299 3307 1421 3380 1428.

935 3489 1244 3581 [Wsernunsenrnn
1267 3490 1327 3581 nn]
1353 3491 1646 3563 ASLOKHOWE.

580 3660 758 3745 Inquisicio
772 3664 869 3745 capta
882 3662 969 3747 apud
984 3662 1187 3728 Linoolniam
1201 3663 1255 3726 die
1266 3663 1358 3726 Lune
1373 3663 1519 3747 proximo
1534 3668 1609 3745 post
1624 3664 1745 3726 festum
1757 3660 1868 3725 Sancti
1881 3660 2036 3739 Barnabe,

537 3748 696 3833 Apostoli,
721 3769 806 3813 anno
828 3752 921 3836 regni
945 3752 1031 3835 regis
1054 3750 1186 3815 Henrici
1206 3748 1259 3834 vjs
1286 3756 1350 3815 eto.
1375 3754 1478 3827 sexto,
1501 3770 1609 3813 coram
1639 3750 1781 3814 Roberto
1811 3746 1963 3813 Grenake
1993 3748 2034 3811 de

537 3833 697 3919 Torkesey
722 3843 758 3900 et
787 3838 881 3900 sociis
910 3838 976 3901 suis
1005 3839 1288 3903 commissionariis
1317 3838 1441 3901 domini
1470 3838 1555 3921 regis
1584 3839 1619 3900 in
1649 3837 1795 3921 partibus
1824 3836 1864 3899 de
1893 3835 2035 3919 Lindsey

536 3925 710 4008 assignatis
724 3923 765 3987 ad
780 3924 954 3987 levandum
969 3926 1010 3989 de
1024 3927 1168 4009 quolibet
1183 3928 1311 4011 integro
1327 3926 1350 3991 f.
1366 3946 1410 3989 m.
1427 3924 1505 4008 vj.s.
1522 3925 1580 4010 viij
1586 3924 1635 3989 .d.
1654 3926 1774 3988 virtute
1800 3923 2035 3987 commissionis

538 4010 662 4074 domini
685 4012 772 4095 regis
797 4012 919 4075 eisdem
942 4013 1059 4077 directi
1080 4014 1169 4077 dicto
1183 4014 1315 4076 domino
1329 4015 1397 4096 regi
1412 4013 1452 4075 ad
1467 4012 1623 4075 ultimum
1637 4012 1890 4095 parliamentum
1905 4015 2035 4073 tentum

536 4097 623 4181 apud
649 4098 974 4162 westmonasterium
1003 4103 1038 4163 in
1060 4111 1116 4164 η·
1145 4100 1256 4163 Sancti
1279 4099 1448 4163 Michaelis
1470 4099 1588 4161 ultima
1610 4100 1767 4183 preterita
1781 4117 1958 4175 concessos,
1979 4117 2037 4181 per

537 4190 772 4249 sacramentum
795 4184 953 4250 Johannis
982 4188 1111 4272 Burgus
1146 4190 1186 4251 de
1223 4187 1349 4270 Upton,
1382 4185 1540 4249 iohannis
1572 4184 1747 4270 Netylham
1781 4184 1822 4249 de
1848 4184 2037 4262 Hakthorn‚

538 4272 672 4336 Henrici
687 4273 835 4357 Hameys
850 4274 891 4337 de
905 4274 1028 4355 eadem,
1045 4274 1197 4339 Nicholai
1212 4281 1248 4337 at
1264 4274 1341 4337 Hall
1356 4275 1397 4338 de
1413 4274 1536 4353 eadem,
1552 4273 1685 4338 Roberti
1700 4271 1840 4357 Maxhay
1855 4272 1896 4337 de
1911 4272 2035 4350 eadem,

537 4360 695 4424 Johennis
712 4359 884 4445 Brynkhill
909 4363 948 4425 de
973 4363 1161 4441 Hanworth,
1189 4361 1312 4425 Thome
1336 4361 1455 4444 Waryn
1479 4361 1665 4439 decadem,
1692 4360 1822 4424 Ricardi
1849 4360 1981 4443 Rawlyn
1997 4360 2038 4423 de

536 4447 663 4525 eadem,
677 4448 835 4512 Johannis
852 4447 994 4534 Setheby
1010 4451 1049 4514 de
1065 4450 1190 4527 eadem,
1206 4450 1339 4513 Roberti
1354 4448 1473 4513 Raulet
1489 4447 1650 4528 docetes,
1678 4447 1835 4512 Johannis
1852 4448 1972 4511 Sutton
1995 4447 2035 4509 de

537 4536 662 4710 ῗεάοῇη,
678 4533 837 4603 Johannis
851 4535 1090 4623 Benyngworth
1105 4537 1146 4602 de
1160 4536 1404 4622 Wyllyngham,
1427 4541 1461 4601 et
1488 4535 1647 4601 Johannis
1662 4535 1811 4621 Appulby
1826 4536 1868 4600 de
1890 4532 2037 4618 Knayth,

559 4624 616 4707 qui
653 4624 767 4688 dicunt
782 4624 867 4708 quod
877 4649 932 4689 :-

582 4810 748 4877 Johannee
773 4812 937 4899 Tyrwhyt,
963 4813 1120 4880 Johannis
1144 4814 1301 4897 Tenelby,
1327 4818 1362 4878 el
1387 4812 1551 4877 Johannes
1578 4810 1731 4877 Chefelde
1755 4816 1871 4876 tenent
1892 4811 1937 4875 di.
1954 4810 1977 4877 f.
2001 4812 2037 4876 in

538 4899 777 4967 Hnnunswnun
804 4901 947 4980 divisim,
972 4902 1074 4989 xxiiij.
1102 4907 1194 4986 parte
1220 4906 1366 4985 excepta,
1394 4901 1557 4985 quondam
1584 4898 1748 4982 Radulphi
1772 4901 1812 4964 de
1839 4898 1972 4964 Oendall
1997 4898 2037 4962 de

536 4986 631 5052 feodo
645 4987 896 5070 Richemundie,
912 4997 963 5054 set
976 5009 1036 5074 pro
1049 4997 1171 5074 quanto
1187 4990 1327 5072 quilibet
1341 4994 1434 5053 tenet
1447 5008 1505 5073 per
1521 5008 1555 5051 ee
1569 4988 1736 5073 ignorant.

579 5124 744 5191 Johannes
759 5127 922 5210 Fulnetby
938 5132 1029 5192 tenet
1053 5129 1088 5191 in
1115 5126 1367 5195 Saamurucaou
1390 5127 1415 5213 j.
1432 5127 1455 5192 f.
1471 5146 1518 5195 m.
1541 5134 1575 5192 x·
1595 5130 1686 5209 parte
1708 5128 1854 5209 excepta,
1873 5122 2036 5208 qnondam

538 5212 697 5278 Johannis
711 5214 752 5279 de
769 5214 884 5279 Stokes
898 5216 938 5279 de
953 5215 1046 5279 feodo
1061 5213 1308 5279 llichemundie.

529 5355 535 5367 '
582 5351 764 5416 Willelmus
789 5351 924 5418 Helwell
951 5356 1049 5415 tenet
1072 5352 1108 5415 in
1132 5352 1238 5419 Oonss
1264 5349 1340 5437 iij⁸¹¹¹
1368 5354 1493 5435 partem
1523 5348 1549 5437 j.
1573 5349 1595 5415 f.
1623 5369 1668 5413 m.
1693 5347 1857 5431 quondam
1880 5345 2037 5410 Willelmi

537 5437 674 5502 Helwell
689 5439 729 5503 de
745 5438 838 5503 feodo
853 5438 892 5501 de
907 5458 995 5522 rege.

581 5574 679 5638 Idem
693 5579 784 5637 tenet
798 5573 834 5638 in
849 5574 984 5641 qunsu
999 5574 1049 5661 iij.
1064 5581 1192 5659 partem
1207 5576 1232 5662 j.
1249 5575 1272 5640 f.
1289 5595 1333 5641 m.
1350 5574 1514 5659 quondam
1537 5572 1620 5636 dicti
1635 5570 1791 5635 Willelmi
1806 5526 1858 5633 de
1881 5568 1975 5634 feodo
1994 5570 2035 5633 de

538 5681 628 5745 rege.

579 5791 748 5858 Johanner
772 5792 959 5858 Kermonde
987 5800 1080 5861 tenet
1108 5798 1145 5861 in
1174 5797 1406 5866 annennos
1435 5794 1523 5882 ffijm
1544 5797 1671 5877 partem
1696 5790 1724 5873 j.
1749 5792 1773 5855 f.
1802 5810 1846 5855 m.
1873 5790 2036 5875 quondam

535 5882 697 5946 iohannis
720 5881 823 5963 Seynt
848 5882 935 5945 Luce
960 5882 1001 5946 de
1024 5883 1118 5949 feodo
1144 5885 1185 5948 de
1209 5905 1297 5969 rege,
1323 5884 1408 5947 unde
1431 5882 1588 5967 magister
1609 5879 1649 5942 de
1663 5876 1869 5962 Willughton
1892 5882 1984 5942 tenet·
1999 5878 2034 5941 in

536 5988 654 6053 puram
667 5972 704 6032 et
716 5973 910 6054 perpetuam
925 5969 1138 6038 elemosinam
1152 5972 1230 6060 111·ιη
1247 5976 1373 6055 partem
1388 5969 1476 6032 dicte
1492 5968 1556 6053 1111Θ
1576 5966 1689 6049 partis.
