5000 7050
1144 1077 1227 1149 nl).
1252 1081 1351 1148 me.

972 1366 1194 1432 Huunanuuu
1218 1387 1262 1430 ua
1285 1365 1517 1434 WAYLOND.

531 1527 710 1612 Inquisicio
724 1532 820 1611 capta
833 1529 921 1613 apud
936 1529 1089 1593 stanford
1104 1521 1130 1616 [
1156 1526 1171 1616 ]
1186 1526 1357 1593 hundredo
1371 1529 1414 1594 de
1428 1529 1589 1611 Waylond
1603 1531 1639 1593 in
1654 1529 1815 1592 comitatu
1831 1527 1998 1592 Norfolkie

487 1612 541 1677 die
556 1614 673 1678 Martis
687 1619 833 1700 proximo
847 1623 923 1680 ante
937 1615 1058 1682 ieetum
1080 1617 1277 1680 Natiuitatis
1300 1617 1413 1680 Sancti
1440 1618 1597 1684 Jobannis
1625 1616 1774 1700 Baptiste
1798 1635 1882 1679 anno
1906 1618 1997 1702 regni

487 1702 573 1786 regis
596 1701 730 1787 Henrici
756 1703 839 1766 sexti
861 1709 952 1766 sexto
973 1724 1080 1767 corum
1094 1703 1254 1767 Nicboluo
1269 1704 1388 1783 Castel,
1402 1704 1568 1767 Willelmo
1583 1704 1725 1782 Walton,
1741 1702 1877 1767 Ricardo
1892 1704 1998 1768 Boure

488 1793 524 1852 et
538 1790 633 1852 sociis
647 1791 714 1853 suis
728 1790 953 1854 collectoribus
968 1791 1105 1855 subsidii
1126 1791 1252 1855 domini
1274 1791 1358 1874 regis
1383 1793 1419 1853 in
1443 1791 1561 1854 ultimo
1588 1791 1803 1874 parliamento
1829 1811 1886 1854 suo
1909 1791 1996 1875 apud

487 1875 812 1943 westmonasterium
827 1878 861 1940 in
876 1877 1042 1960 quindena
1057 1877 1171 1942 Sancti
1186 1877 1359 1942 Michaelis
1374 1877 1494 1942 ultima
1508 1878 1663 1961 preterita
1677 1885 1773 1942 tento
1797 1885 1833 1941 et
1855 1879 1996 1941 concessi

487 1983 545 2047 per
570 1970 811 2028 sacramentum
828 1964 985 2028 Willelmi
1009 1964 1152 2048 Kelyug,
1167 1964 1326 2028 Willelmi
1349 1963 1506 2050 Edrycbe‚
1522 1962 1682 2031 Johunnis
1705 1965 1824 2048 Pepyr,
1840 1966 1996 2032 Jobannis

488 2049 681 2135 bionntuey,
708 2051 865 2115 Willelmi
895 2049 1053 2134 Chamon,
1078 2051 1237 2118 lobannis
1262 2060 1298 2116 at
1322 2053 1446 2135 Watyr,
1473 2051 1597 2115 Thome
1628 2051 1810 2138 Dynglove,
1836 2050 1997 2119 iohannis

487 2135 644 2216 Bernard‚
668 2137 799 2203 Roberti
824 2137 961 2223 Rupere,
988 2137 1121 2202 Roberti
1145 2137 1315 2223 Scbyldys,
1342 2139 1477 2202 Henrici
1503 2137 1671 2221 Fyssober,
1694 2139 1817 2203 'rhome
1841 2139 1996 2222 Avelyon,

485 2223 681 2308 juratorum,
709 2227 765 2312 qui
795 2226 912 2289 dicunt
941 2245 997 2310 per
1033 2233 1272 2290 sacramentum
1310 2247 1406 2290 suum
1443 2227 1528 2310 quod
1558 2245 1669 2289 omnes
1706 2245 1838 2310 persone
1866 2228 1901 2289 in
1931 2228 1996 2290 ista

488 2312 702 2396 inquisicione
716 2315 883 2377 nominate
899 2319 977 2376 sunt
992 2314 1102 2377 scisite
1116 2320 1152 2376 et
1166 2314 1399 2396 possessionate
1413 2321 1448 2377 et
1462 2333 1573 2376 eorum
1588 2312 1729 2396 quilibet
1742 2322 1794 2376 est
1810 2313 1940 2376 seisitns
1964 2323 1997 2376 et

487 2400 740 2481 possessionatus
763 2400 803 2464 de
825 2401 922 2463 terris
942 2408 975 2464 ct
997 2401 1194 2464 tenementis
1208 2401 1244 2463 in
1259 2400 1423 2464 dominico
1438 2421 1496 2464 suo
1511 2405 1551 2462 ut
1565 2400 1605 2463 de
1620 2399 1720 2463 libero
1734 2407 1922 2464 tenemento
1938 2421 1995 2464 suo

488 2493 523 2548 et
538 2491 651 2550 tenent
666 2506 721 2551 seu
735 2492 828 2551 tenet
842 2487 940 2552 modo
955 2493 989 2552 et
1002 2486 1108 2552 forma
1122 2489 1180 2572 qni
1194 2495 1358 2567 secuntur,
1372 2487 1524 2552 videlicet
1538 2487 1625 2566 quod
1638 2508 1690 2550 2—-

530 2674 691 2740 Dominus
715 2674 876 2740 Robertua
900 2675 941 2741 de
963 2675 1056 2760 Tony
1083 2682 1174 2741 tenet
1198 2677 1383 2741 manerium
1409 2675 1450 2740 de
1478 2676 1603 2755 Sanan,
1628 2676 1713 2761 quod
1738 2683 1788 2742 est
1802 2675 1842 2741 de
1857 2677 1994 2761 antiquo

487 2761 654 2828 dominico
674 2764 799 2827 domini
814 2764 912 2849 regis,
925 2784 982 2848 per
996 2764 1083 2849 quod
1096 2765 1269 2829 servicium
1284 2765 1460 2850 ignoratur.

529 2900 688 2965 Dominus
700 2900 732 2965 la
746 2900 831 2965 Rooe
844 2906 935 2965 tenet
950 2902 986 2965 in
1014 2901 1129 2970 sim
1156 2908 1191 2967 et
1215 2903 1373 2970 Ovnuuou
1400 2902 1445 2967 di.
1462 2901 1485 2967 i.
1501 2923 1545 2967 m.
1570 2902 1734 2988 quondam
1761 2901 1927 2986 Radulpbi
1953 2903 1994 2966 de

490 2987 599 3069 Boaco,
615 2995 649 3052 et
659 2989 732 3072 jam
747 2989 783 3052 in
797 3009 898 3053 manu
913 2988 1040 3053 domini
1056 2991 1152 3074 regis.
1408 3005 1409 3010 ’

531 3126 690 3189 Dominus
705 3125 862 3191 Ricardus
877 3126 1027 3211 Wsrwyk
1042 3133 1135 3192 tenet
1150 3128 1333 3191 manerium
1349 3127 1390 3190 de
1405 3127 1593 3194 Pnnwonnn
1619 3128 1655 3191 in
1683 3128 1848 3207 Aesunus,
1877 3128 1992 3198 Sanan

486 3217 522 3277 et
535 3213 682 3279 Hownon
697 3234 755 3298 pro
768 3214 794 3299 j.
810 3215 834 3279 i.
851 3234 896 3280 m.
912 3214 1077 3299 quondam
1092 3213 1269 3279 Petronille
1285 3215 1325 3278 de
1340 3213 1371 3277 N
1373 3214 1491 3279 arford.

487 3349 906 3503 Β,ΒίῐοίιίιὶῐιέιῖιεῆΜοιιιιωιιο]
931 3357 1024 3417 tenet
1047 3352 1082 3416 in
1107 3351 1322 3419 Tasmenon
1349 3351 1486 3417 terciam
1510 3357 1639 3436 partem
1658 3352 1685 3436 j.
1711 3354 1735 3418 i.
1759 3373 1802 3418 m.
1831 3354 1994 3438 quondam

518 3458 568 3500 ica
712 3459 768 3523 yu.

530 3575 625 3639 Idem
640 3575 798 3641 Ricardue
812 3580 905 3642 tenet
918 3576 1041 3641 ibidem
1056 3578 1194 3641 terciam
1208 3582 1334 3661 partem
1350 3577 1513 3659 quondam
1530 3575 1661 3641 Ricardi
1677 3577 1738 3640 filii
1754 3574 1907 3645 Simonis.

528 3712 688 3778 Dominus
702 3713 734 3777 le
749 3713 834 3779 Roos
849 3719 941 3779 tenet
956 3716 1138 3781 manerium
1153 3714 1194 3779 de
1210 3715 1416 3794 Waunnnon,
1430 3714 1595 3797 quondam
1611 3714 1769 3780 Willelmi
1784 3716 1825 3781 de
1848 3715 1943 3799 Roos,
1959 3723 1993 3782 et

485 3802 554 3888 jam
569 3802 604 3865 in
620 3822 721 3866 manu
736 3802 862 3866 domini
876 3803 973 3887 regis.

529 3938 688 4003 Ricardus
704 3938 829 4003 Bosone
845 3944 935 4005 tenet
950 3939 997 4007 di.
1014 3940 1037 4007 i.
1051 3962 1096 4006 m.
1111 3942 1145 4003 in
1162 3941 1294 4008 Ovmon
1308 3938 1473 4023 quondum
1489 3938 1579 4003 Petri
1596 3938 1712 4006 Boson.

486 4075 691 4227 MJobannes
713 4076 837 4161 Nevyle
854 4083 955 4161 ⁸tenet
981 4079 1016 4141 in
1042 4079 1226 4145 Knausoou
1250 4076 1373 4144 Maeni
1399 4076 1425 4162 j.
1442 4074 1466 4141 i.
1483 4098 1527 4142 m.
1554 4078 1719 4161 quondam
1744 4077 1924 4144 Baldewini
1952 4080 1993 4144 de

486 4204 500 4227 s
523 4185 629 4232 unere.

527 4298 689 4385 Megisten
702 4300 842 4386 hospicii
856 4301 898 4366 de
912 4300 1081 4365 Kerbrook
1095 4300 1220 4385 Magna
1234 4304 1326 4367 tenet
1342 4301 1378 4363 in
1395 4298 1507 4365 eadem
1523 4298 1602 4363 villa
1626 4298 1662 4385 ij.
1679 4304 1789 4384 partes
1811 4300 1836 4385 j.
1853 4299 1877 4367 i.
1895 4322 1939 4367 m.
1956 4302 1992 4365 in

484 4406 599 4470 purum
615 4392 651 4452 et
664 4394 858 4473 perpetuum
873 4389 1100 4455 elemosinam.

527 4523 625 4608 Hugo
636 4524 805 4604 Habebam,
815 4523 921 4604 miles,
929 4528 1021 4589 tenet
1037 4522 1071 4587 in
1085 4524 1267 4591 Knauaoou
1282 4524 1391 4590 Pansa
1402 4523 1536 4588 terciam
1552 4527 1680 4608 partem
1695 4524 1720 4608 j.
1732 4522 1755 4589 f.
1768 4544 1812 4589 m.
1826 4524 1990 4608 quondam

485 4610 631 4676 Dionisie
645 4612 686 4677 de
701 4612 817 4677 Monte
832 4610 960 4679 caniso.
1216 4669 1219 4677 .

526 4745 688 4811 Johannes
702 4744 822 4830 Fyrase
837 4749 930 4808 tenet
943 4743 967 4829 j.
983 4744 1007 4811 i.
1023 4765 1067 4811 m.
1094 4765 1152 4828 per
1167 4746 1313 4811 maneria
1327 4744 1368 4809 de
1386 4744 1537 4811 Scunuon
1553 4750 1588 4809 et
1604 4727 1795 4813 Eumenis
1812 4756 1847 4811 et
1863 4749 1989 4815 Tomis

482 4834 645 4919 quondam
659 4832 680 4897 J
682 4832 817 4897 ohannis
831 4832 874 4896 de
890 4832 1009 4915 Thorp.

524 4969 618 5120 hiem
631 4967 796 5119 {ohannes
812 4966 933 5053 Fyruse
948 4971 1041 5031 tenet
1055 4968 1238 5032 manerium
1255 4967 1296 5031 de
1311 4967 1508 5035 Tosmonon
1524 4988 1581 5053 pro
1596 4967 1644 5053 iij.
1661 4967 1808 5051 partibus
1823 4972 1858 5031 et
1877 4968 1993 5053 quinta

483 5076 525 5140 pa
559 5080 578 5120 e
589 5079 617 5141 J.
650 5077 719 5123 .m.

524 5189 708 5255 Willelmus
723 5190 811 5272 Grey
825 5196 915 5254 tenet
932 5197 997 5253 tres
1013 5195 1120 5272 partes
1146 5190 1171 5275 j.
1188 5190 1212 5256 f.
1229 5212 1274 5257 m.
1301 5200 1335 5253 et
1361 5189 1518 5254 Ricardus
1542 5190 1748 5271 Mownteney
1773 5192 1864 5253 tenet
1888 5209 1991 5253 unum

481 5279 682 5361 quarterium
696 5278 721 5364 j.
739 5280 763 5342 f.
780 5298 825 5343 m.
842 5278 877 5341 in
894 5278 1049 5354 Mnanon,
1066 5278 1231 5360 quondam
1248 5277 1400 5340 Falconis
1416 5277 1575 5360 Banyard.

484 5504 509 5571 O
525 5416 681 5480 Ricardus
696 5413 851 5479 Carbone]
868 5417 960 5478 tenet
975 5414 1156 5478 manerium
1172 5415 1206 5477 in
1224 5414 1351 5483 Olenon
1368 5434 1424 5497 pro
1440 5413 1485 5476 di.
1503 5412 1526 5478 f.
1544 5432 1587 5476 m.
1599 5412 1762 5499 quondam
1774 5412 1933 5477 Willelmi
1949 5413 1990 5477 de

510 5512 615 5570 aston.

523 5641 685 5706 Henricns
698 5638 740 5703 de
750 5635 922 5702 Gildeford
931 5636 1039 5701 tenuit
1053 5639 1235 5702 manerium
1246 5639 1288 5703 de
1301 5638 1521 5707 Snowuamuu
1536 5657 1595 5722 pro
1610 5636 1654 5701 di.
1665 5636 1687 5701 f.
1698 5656 1742 5701 m.
1755 5641 1790 5701 ct
1806 5640 1857 5703 est
1869 5635 1940 5721 jam
1956 5638 1991 5701 in

482 5746 582 5792 manu
596 5727 724 5793 domini
739 5726 837 5811 regis.

524 5862 682 5932 Priorisea
711 5862 750 5931 de
781 5860 897 5934 Cumae
927 5863 1019 5923 tenet
1048 5859 1094 5924 di.
1121 5858 1143 5922 f.
1169 5881 1214 5927 m.
1242 5862 1278 5924 in
1305 5862 1502 5929 'romanon
1527 5878 1585 5942 per
1608 5860 1790 5941 servicium,
1819 5880 1878 5945 per
1905 5861 1992 5947 quod

481 5950 661 6043 ignoratur.
