5000 7050
1076 982 1167 1098 lla*
1186 1036 1280 1099 1303.
1865 1032 1928 1096 159

467 1317 521 1382 De
544 1318 684 1383 Robarla
708 1320 749 1384 de
774 1320 953 1387 Rothewell
978 1328 1111 1387 tenente
1134 1326 1284 1387 oolavam
1315 1327 1443 1407 partem
1469 1327 1504 1386 et
1529 1321 1572 1385 xl.
1601 1324 1728 1405 partem
1754 1337 1811 1384 un.
1837 1317 1862 1386 l.
1892 1320 1925 1382 in

418 1404 616 1486 Namaon,
631 1429 728 1492 quam
743 1409 867 1473 Alanus
881 1409 922 1474 de
936 1409 1117 1474 Rothawell
1131 1410 1295 1495 quondam
1310 1410 1431 1475 tenuit.

468 1542 520 1605 De
534 1544 637 1625 priore
651 1545 691 1609 de
706 1544 834 1610 Sixhull
850 1552 984 1611 tanente
999 1569 1030 1612 x.
1047 1550 1173 1631 partem
1188 1548 1271 1611 dieti
1286 1548 1310 1613 f.
1327 1549 1361 1610 in
1377 1546 1502 1611 eadem.

468 1678 519 1744 Da
532 1680 650 1745 abbate
665 1680 706 1745 da
720 1682 878 1746 Newhoua
891 1689 1027 1747 tenente
1040 1684 1105 1767 iiij.
1121 1688 1249 1768 partem
1265 1684 1346 1748 dieti
1362 1684 1386 1749 f.
1402 1684 1439 1747 in
1453 1682 1577 1747 eadem.

468 1782 517 1879 lle
534 1817 681 1882 Johanne
696 1820 737 1882 de
752 1820 896 1883 Hundon
911 1826 1045 1885 tenente
1067 1823 1117 1908 iij.
1135 1828 1240 1906 partes
1257 1823 1285 1904 j.
1303 1824 1326 1887 f.
1341 1828 1375 1885 et
1391 1844 1420 1886 x.
1438 1824 1564 1905 partem
1590 1824 1623 1884 et
1648 1842 1676 1885 c.
1695 1826 1829 1903 partam,
1846 1840 1927 1903 quaa

419 1902 539 1967 Simon
555 1905 595 1969 de
611 1904 753 1969 Hundon
769 1908 932 1990 quondam
948 1911 1058 1973 tenuit
1072 1912 1107 1972 in
1123 1911 1282 1975 Hannon.

460 2040 517 2190 {le
543 2043 661 2107 abbate
685 2043 726 2106 de
750 2044 929 2109 Newehoua
956 2050 1089 2110 tenente
1115 2046 1183 2130 viij.
1210 2051 1338 2128 partem
1362 2050 1398 2109 et
1424 2046 1467 2110 lx.
1490 2040 1506 2132 [
1597 2041 1646 2129 m]
1668 2025 1817 2129 &jusdem
1842 2043 1867 2105 f.
1891 2045 1928 2107 in

414 2148 460 2190 ea
485 2149 548 2194 em.

467 2266 518 2329 De
533 2267 672 2332 Robarto
686 2269 726 2333 da
741 2269 982 2333 Humlramvile
998 2276 1032 2333 et
1046 2269 1168 2336 Thoma
1178 2270 1282 2355 Furry
1292 2276 1426 2336 tenente
1441 2270 1485 2335 di.
1497 2268 1522 2335 l.
1533 2292 1577 2336 m.
1588 2271 1623 2333 in
1635 2270 1923 2345 Flanmawaana,

414 2354 509 2437 quod
525 2353 681 2420 Ricardua
696 2355 736 2420 de
752 2356 903 2439 Neaport
918 2358 1081 2439 quondam
1095 2359 1215 2426 tenuit.

872 2599 987 2664 Faonl
1009 2598 1242 2666 RADULPHI
1266 2599 1326 2665 DE
1353 2600 1484 2664 HAYA.

465 2732 515 2795 De
538 2731 689 2798 Johanna
711 2734 751 2798 de
776 2734 880 2817 llaya,
907 2734 1057 2799 Gallrido
1083 2736 1356 2813 Mauoevanaunt,
1373 2748 1408 2799 et
1431 2734 1578 2801 Johanne
1602 2736 1717 2799 Miriat
1733 2734 1925 2798 tenentibus

411 2820 469 2905 iij.
487 2826 607 2904 partes,
622 2844 652 2886 v.
669 2827 796 2905 partem
810 2828 843 2886 et
858 2822 962 2907 xlviij.
979 2828 1104 2906 partam
1119 2822 1143 2908 j.
1161 2823 1184 2887 f.
1203 2824 1237 2885 in
1253 2824 1452 2902 Boaawaaa,
1468 2843 1548 2906 quaa
1563 2821 1756 2906 Radulphus
1772 2822 1811 2885 de
1826 2821 1922 2905 Haya

412 2908 584 2991 quondam
599 2910 721 2975 tenuit.
1970 2918 1978 2933 '

466 3043 518 3107 De
532 3044 649 3109 abbate
665 3046 705 3111 de
720 3046 891 3134 Barlingea
909 3051 1041 3111 tanente
1056 3048 1183 3134 xxxiiij.
1200 3053 1325 3133 putem
1340 3048 1422 3112 diali
1437 3049 1459 3112 f.
1475 3048 1509 3110 in
1526 3048 1650 3113 eadam.

829 3288 943 3353 Fauna
966 3288 1144 3355 Comassa
1166 3308 1211 3353 aa
1233 3286 1536 3356 BOLINGBROK.

465 3421 515 3487 Da
540 3424 646 3505 priore
669 3423 708 3488 de
734 3422 901 3507 Spaldyng
926 3429 1059 3489 tanente
1075 3424 1120 3511 vj.
1137 3429 1266 3508 partem
1291 3425 1316 3511 j.
1333 3425 1357 3487 f.
1372 3426 1407 3487 in
1422 3425 1624 3502 Waaaaaorl,
1640 3442 1739 3505 quam
1767 3420 1923 3484 Ricardus

413 3510 587 3574 Fauooner
601 3512 764 3595 quondam
779 3512 900 3577 tenuit.

464 3648 514 3711 De
537 3649 695 3733 magistro
717 3650 759 3713 de
783 3648 976 3713 Stikeawald
1000 3654 1134 3714 tanente
1158 3649 1207 3733 iij.
1233 3653 1361 3733 partem
1384 3669 1441 3714 un.
1457 3649 1481 3714 f.
1497 3649 1533 3712 in
1560 3649 1804 3724 mammona,
1826 3667 1924 3729 quam

413 3736 508 3800 idem
524 3738 681 3820 magister
695 3736 856 3820 quondam
874 3737 994 3802 tenuit.

466 3873 514 3936 De
541 3875 660 3938 comite
685 3873 853 3938 Lincolnie
873 3880 1006 3939 tenente
1027 3873 1052 3960 j
1068 3875 1091 3937 f.
1107 3895 1152 3939 m.
1169 3875 1203 3936 in
1222 3874 1437 3951 Saamwlaffi
1452 3873 1538 3955 quod
1554 3872 1716 3938 Roberlua
1731 3867 1919 3954 Steynwath

415 3961 587 4045 quondam
603 3963 723 4026 tenuit.

464 4099 514 4163 De
540 4097 714 4182 Ranulpho
739 4101 780 4164 de
806 4098 893 4182 Olby
918 4102 1052 4163 tanente
1076 4100 1126 4188 iij.
1151 4101 1315 4184 quarteria
1341 4100 1366 4185 j.
1382 4099 1405 4164 f.
1431 4099 1467 4162 in
1491 4099 1701 4176 Ellamaaoa,
1722 4117 1821 4180 quam
1850 4096 1919 4175 (alc)

417 4187 607 4251 willelmus
622 4187 662 4250 de
677 4186 764 4270 Otby
779 4187 943 4271 quondam
958 4188 1078 4251 tenuit.

465 4324 515 4386 Da
530 4323 655 4387 Andrea
668 4325 699 4387 le
715 4323 880 4386 Vavaaour
893 4328 1028 4387 tanente
1042 4323 1093 4408 iij.
1107 4329 1216 4406 partas
1231 4345 1288 4387 un.
1304 4322 1327 4389 l.
1343 4324 1378 4386 in
1395 4271 1651 4401 Tnaalaanoaa,
1675 4341 1756 4404 quaa
1781 4317 1923 4384 Thomas

416 4410 461 4475 de
476 4409 740 4496 Gonynggaholm
754 4411 918 4494 quondam
934 4412 1055 4476 tenuit.

362 4593 368 4602 .
464 4549 514 4612 Da
528 4549 648 4612 comite
663 4547 832 4611 Linaolnie
847 4550 981 4610 tenente
995 4547 1045 4630 iij.
1061 4551 1170 4630 parles
1181 4547 1208 4631 j.
1223 4547 1247 4611 f.
1264 4549 1298 4611 in
1315 4547 1451 4612 Hoaoaa
1466 4551 1498 4609 et
1521 4545 1612 4623 alibi,
1634 4565 1713 4630 quas
1740 4543 1923 4609 Gralandua

418 4637 461 4700 de
476 4637 587 4721 Longo
602 4635 722 4718 campo
738 4633 903 4717 quondam
918 4635 1036 4700 tenuit.

465 4774 514 4837 De
539 4773 637 4836 Petro
659 4773 700 4837 de
723 4771 875 4858 Legburn
902 4775 1039 4836 tenente
1065 4771 1115 4858 iij.
1131 4777 1238 4857 partes
1253 4771 1298 4837 di.
1314 4772 1338 4837 f.
1354 4773 1389 4835 in
1406 4772 1605 4839 'lausaaoaa
1620 4776 1652 4834 et
1670 4771 1922 4846 Foaaasaaoaa,

419 4861 507 4947 quod
521 4861 609 4925 idem
624 4860 738 4924 Palma
752 4859 915 4945 quondam
932 4861 1051 4925 tenuit.

464 4998 511 5062 Da
525 4996 674 5062 Johanne
688 4997 730 5060 de
745 4995 933 5079 Asffordeby
946 5001 1081 5060 tenente
1104 5003 1254 5081 quartam
1280 5001 1406 5080 partam
1421 4997 1445 5080 j.
1463 4996 1487 5060 f.
1511 4993 1563 5081 [in
1579 4991 1800 5080 Aaaoanaaa]
1823 5014 1922 5076 quam

418 5086 578 5151 Jordanus
592 5086 633 5149 de
648 5083 836 5168 Aaffordeby
850 5084 1013 5167 quondam
1027 5087 1149 5149 tenuit.

463 5225 512 5286 De
527 5222 676 5287 Gilberto
691 5223 732 5286 de
746 5220 900 5305 Hagham
914 5226 1046 5286 tanente
1060 5222 1107 5288 di.
1122 5223 1144 5288 f.
1156 5222 1193 5285 in
1207 5222 1442 5288 Flaaasaaoap
1460 5221 1527 5297 (aie)
1546 5222 1582 5282 at
1598 5219 1780 5285 Tauaaaaa
1795 5221 1922 5298 (rectius

417 5313 708 5387 Tauaaasaaoaa)‚
722 5309 808 5392 quod
823 5309 935 5372 Simon
950 5309 991 5374 de
1007 5309 1121 5392 Swaby
1132 5309 1296 5393 quondam
1310 5310 1431 5373 tenuit.

460 5447 597 5512 Mabilla
610 5447 760 5529 Imenay
775 5449 868 5509 tenet
883 5445 996 5509 villam
1011 5446 1052 5510 da
1067 5447 1255 5523 Taoaasaa,
1270 5448 1318 5508 aet
1334 5443 1479 5508 nescitur
1493 5463 1551 5527 pro
1566 5447 1700 5525 quanta.

461 5584 509 5648 Da
523 5583 668 5648 Wallero
682 5582 722 5646 da
737 5579 899 5645 Grandala
914 5586 1047 5646 tenente
1061 5581 1113 5666 iij.
1128 5588 1236 5666 partas
1250 5581 1329 5667 iiij*0
1346 5581 1448 5664 partia
1462 5578 1487 5665 j.
1503 5577 1529 5645 f.
1551 5579 1586 5641 in
1611 5579 1744 5646 Uasaaa
1769 5584 1805 5642 et
1827 5579 1921 5659 alibi,

418 5671 503 5756 quod
516 5672 604 5736 idem
620 5670 782 5734 Walterua
797 5669 961 5753 quondam
976 5670 1096 5734 tenuit.

462 5807 509 5873 De
524 5809 665 5875 Roberto
678 5809 719 5872 de
734 5806 886 5890 Toynton
901 5811 1033 5872 tonante
1046 5807 1093 5873 di.
1107 5806 1132 5874 f.
1148 5825 1193 5872 m.
1207 5805 1243 5868 in
1259 5805 1414 5871 'lomna
1430 5809 1463 5867 et
1487 5803 1578 5880 alibi,
1603 5803 1689 5886 quod
1715 5803 1855 5867 Thomas
1880 5804 1920 5868 da

417 5894 586 5980 Thoynton
601 5896 766 5981 quondam
784 5895 903 5959 lenuit.
