5000 7050
551 1034 613 1098 594
1192 1036 1413 1105 NORFOLK.

594 1320 757 1386 Johannes
771 1321 919 1388 Stratton
933 1328 1024 1388 tenet
1038 1327 1074 1388 in
1086 1326 1435 1404 warmunmcnosn
1450 1333 1485 1393 st
1500 1330 1717 1398 Enuuuonsu
1732 1353 1836 1396 unum
1851 1336 2057 1416 quarterium

544 1408 573 1491 j.
588 1409 611 1474 f.
628 1431 674 1475 m.
691 1410 872 1475 inmediate
885 1412 927 1475 ds
941 1414 1060 1477 comite
1076 1413 1295 1496 Gloucestrie,
1312 1418 1398 1498 quod
1413 1437 1516 1500 nuper
1529 1418 1597 1481 fnit
1611 1421 1745 1483 Aruoldi
1762 1421 1896 1504 Lyones.

592 1546 686 1610 Idem
701 1545 866 1612 Johannes
882 1549 1029 1614 Stratton
1044 1557 1136 1614 tenet
1153 1554 1188 1612 iu
1205 1553 1351 1620 Wusrou
1366 1559 1516 1638 quartam
1533 1562 1659 1640 partem
1671 1557 1697 1642 j.
1715 1557 1737 1620 f.
1753 1579 1797 1623 m.
1815 1559 1998 1624 inmediate
2015 1561 2057 1624 de

550 1633 690 1697 Ernaldo
706 1635 846 1720 Lycum,
863 1657 924 1722 que
939 1657 1040 1722 nuper
1054 1639 1120 1702 fuit
1135 1640 1294 1706 Willelmi
1311 1641 1439 1705 Gloces.

593 1770 756 1836 Johannss
786 1774 888 1859 Aeger
916 1780 1009 1839 tenet
1036 1778 1072 1839 in
1101 1777 1246 1844 Wnsrou
1276 1782 1310 1842 et
1341 1779 1525 1845 anonoun
1555 1785 1704 1862 quartam
1734 1787 1858 1866 partem
1895 1785 1919 1871 j.
1952 1786 1974 1848 f.
2006 1808 2055 1852 m.

547 1859 725 1924 inmodiate
740 1860 781 1924 de
795 1863 916 1925 comite
930 1862 1144 1942 Gloncestrie‚
1159 1885 1221 1949 que
1235 1886 1341 1949 nuper
1356 1866 1421 1929 fuit
1435 1867 1568 1930 Ricardi
1585 1869 1653 1934 Est.

595 1996 690 2061 Idsm
718 1997 882 2064 Johannes
911 2001 1015 2086 Asger
1042 2006 1133 2067 tenet
1164 2003 1200 2065 iu
1227 2003 1383 2082 Wssrou,
1409 2005 1593 2071 ancnoun
1619 2013 1655 2071 et
1681 2008 1922 2074 Hunnruonsu
1948 2031 2057 2075 unum

550 2086 753 2238 ‹pvupsrttppinm
778 2085 806 2169 j.
832 2088 855 2151 f.
883 2109 929 2154 m.
953 2089 1134 2153 inmediate
1157 2090 1198 2153 de
1227 2091 1368 2154 Emaldo
1394 2092 1537 2174 Lyonns,
1560 2096 1646 2177 quod
1676 2114 1779 2179 nuper
1803 2096 1868 2160 suit
1893 2096 2058 2162 Johannis

594 2309 762 2374 Johannes
777 2308 924 2376 Stratton
938 2315 1033 2376 tenet
1047 2311 1082 2373 in
1093 2311 1238 2378 Wusron
1255 2331 1357 2375 uuum
1373 2316 1573 2397 quarterium
1584 2314 1611 2400 j.
1623 2317 1647 2381 f.
1660 2337 1705 2381 m.
1719 2319 1825 2382 vocati
1836 2318 2056 2387 Hsnnsnnsu

550 2395 648 2462 Horu.
662 2397 841 2462 inmediate
854 2397 896 2462 de
909 2399 1055 2482 predicto
1071 2399 1224 2478 Emald0‚
1235 2400 1322 2485 quod
1336 2421 1438 2485 nuper
1452 2401 1517 2466 fuit
1528 2402 1551 2465 J
1553 2401 1688 2468 ohannis
1699 2405 1797 2472 Wroo
1815 2403 2058 2495 [Northrrroo].

594 2533 736 2599 Thomas
749 2537 791 2598 de
806 2536 990 2601 Middalton
1007 2541 1098 2601 tenet
1113 2539 1149 2600 in
1164 2537 1280 2602 eadem
1304 2559 1409 2602 unum
1431 2539 1633 2622 quarterium
1658 2541 1682 2627 j.
1698 2541 1722 2606 f.
1739 2564 1784 2608 m.
1809 2543 1988 2608 inmediate
2014 2546 2058 2611 ds

551 2623 695 2707 predicto
709 2623 863 2706 Ernaldo‚
878 2625 966 2706 quod
980 2645 1085 2709 nuper
1098 2624 1164 2688 fuit
1178 2625 1327 2689 Eustacii
1342 2625 1554 2710 Poringloud.

596 2763 759 2828 Johannes
773 2763 908 2828 Folcard
923 2769 956 2828 et
968 2765 1152 2831 Willelmus
1162 2765 1340 2828 'l'averham
1356 2769 1471 2829 tenent
1484 2766 1684 2850 conjunctim
1699 2770 1735 2832 in
1753 2769 1933 2836 Swnnsnon
1949 2791 2057 2834 unum

553 2853 753 3005 &pestium
772 2851 800 2936 j.
816 2850 839 2916 f.
855 2874 901 2920 m.
924 2852 1105 2916 inmediate
1129 2852 1169 2915 de
1195 2852 1337 2934 Hugone
1364 2852 1562 2936 Hastynges,
1583 2858 1669 2939 quod
1694 2876 1796 2941 nuper
1821 2858 1886 2922 fuit
1910 2857 2057 2923 Galfridi

596 3072 736 3138 Thomas
752 3071 823 3161 [de]
839 3071 1009 3142 Chaunbre
1019 3079 1113 3138 tenet
1123 3076 1158 3138 in
1173 3075 1329 3142 Sasunsu
1341 3075 1355 3160 j
1361 3125 1368 3140 .
1379 3073 1403 3139 i.
1415 3097 1460 3140 m.
1476 3077 1651 3142 inmediate
1665 3079 1706 3144 de
1721 3080 1996 3158 Thoma‚d0mino
2013 3081 2057 3146 de

554 3162 690 3241 Morlee,
706 3161 793 3245 qnod
808 3181 911 3245 nuper
925 3163 992 3226 fuit
1006 3161 1139 3227 Roberti
1154 3162 1343 3246 Mantebye.

597 3297 721 3363 Dicunt
734 3298 836 3362 eciam
850 3298 1009 3386 juratores
1024 3300 1161 3383 predicti
1177 3300 1263 3385 quod
1279 3299 1368 3364 nulle
1383 3307 1461 3363 sunt
1473 3301 1537 3365 alie
1552 3300 1610 3366 &n

1026 3625 1247 3690 Huunsnnuu
1272 3646 1315 3689 nn
1338 3624 1591 3693 LAUNDYGH.

599 3785 777 3872 Inquisicio
791 3791 887 3871 capta
900 3786 987 3870 apud
1002 3782 1139 3849 Licham
1153 3786 1206 3849 dis
1233 3786 1324 3849 Lnne
1351 3788 1496 3869 proximo
1516 3794 1591 3871 post
1617 3787 1738 3851 festum
1763 3787 1881 3853 Sancte
1905 3788 2055 3855 Barnabe

555 3874 694 3960 apostoli
719 3895 804 3938 anno
829 3876 920 3957 regni
943 3874 1029 3958 regis
1053 3872 1189 3936 Henrici
1213 3875 1298 3936 sexti
1323 3882 1398 3956 post
1424 3879 1634 3958 conquestum
1660 3880 1750 3937 sexto
1773 3896 1880 3938 coram
1897 3875 2056 3942 Nicholao

556 3962 676 4042 castel,
706 3961 872 4031 Willelmo
900 3961 1042 4039 walton,
1072 3961 1210 4023 Ricardo
1239 3960 1345 4024 Boure
1374 3966 1410 4026 et
1440 3963 1533 4025 sociis
1564 3964 1632 4024 suis
1661 3962 1887 4027 collectoribus
1916 3964 2056 4029 subsidii

557 4050 682 4115 domini
711 4051 796 4132 regis
824 4048 860 4110 in
889 4048 1009 4111 ultimo
1035 4050 1252 4132 parliamento
1281 4068 1338 4111 suo
1367 4048 1454 4132 apud
1478 4049 1802 4115 westmonasterium
1828 4052 1863 4113 in
1890 4052 2055 4133 quindena

558 4138 670 4202 Sancti
698 4134 870 4199 Michaelis
898 4135 1016 4197 ultimo
1045 4136 1202 4218 preterita
1238 4140 1333 4198 tento
1370 4136 1509 4198 concessi
1547 4157 1602 4217 per
1630 4142 1867 4199 sacramentum
1895 4136 2055 4203 Johannis

557 4224 677 4303 Roode,
692 4222 809 4306 Rogeri
823 4221 976 4306 Wylkyn,
991 4221 1150 4286 Johannis
1166 4220 1325 4301 Overfeld‚
1342 4222 1500 4286 Johannis
1516 4222 1675 4306 Lamkyn‚
1693 4220 1851 4288 Thome.
1898 4272 1906 4291 .
1953 4271 1962 4290 .
2009 4276 2019 4295 .

557 4313 578 4375 J
580 4310 718 4376 ohannis
733 4309 812 4387 eol,
825 4310 846 4373 J
848 4312 984 4373 ohannis
998 4310 1038 4373 de
1052 4310 1157 4393 Lyng,
1175 4308 1318 4373 Simonis
1335 4310 1374 4373 de
1391 4308 1479 4387 Sum,
1494 4308 1635 4373 Simonis
1650 4311 1765 4395 Large,
1791 4310 1909 4397 Rogeri
1932 4311 2055 4397 Byntre

558 4406 593 4463 et
607 4399 742 4462 Henrici
757 4397 897 4474 Brenno,
912 4399 970 4482 qui
985 4397 1103 4461 dicunt
1120 4417 1177 4481 per
1192 4404 1430 4460 sacramentum
1447 4418 1542 4460 suum
1557 4397 1643 4481 qnod
1657 4417 1770 4461 omnes
1784 4418 1919 4481 persone
1934 4400 1969 4463 in
1992 4402 2056 4466 ista

558 4486 773 4570 inquisicione
787 4485 955 4547 nominate
970 4492 1048 4547 sunt
1062 4486 1174 4548 seisite
1189 4490 1224 4547 et
1238 4485 1480 4567 possessiouate‚
1492 4491 1524 4547 et
1539 4504 1650 4547 eorum
1663 4485 1802 4569 quilibet
1817 4491 1868 4548 est
1879 4488 2008 4552 seisitus
2020 4497 2055 4554 et

557 4574 822 4659 possessionutus,
836 4571 878 4635 de
892 4572 987 4635 terris
1002 4577 1035 4635 et
1051 4573 1248 4635 tenementis
1264 4572 1298 4633 iu
1321 4571 1483 4635 dominico
1499 4592 1557 4634 suo
1571 4576 1609 4635 nt
1625 4572 1784 4636 delibero
1808 4580 1999 4641 tenemento
2020 4582 2055 4641 et

556 4665 673 4726 tenent
687 4680 743 4724 seu
758 4665 848 4724 tenet
862 4659 959 4723 modo
973 4664 1008 4722 et
1022 4658 1204 4743 formaque
1220 4664 1408 4742 sequuntur,
1425 4659 1578 4723 videlicet
1592 4660 1742 4743 quod:-

601 4846 702 4910 Heres
727 4844 859 4907 comitis
883 4840 1072 4907 Arundellie
1094 4847 1186 4906 tenet
1207 4842 1235 4927 j.
1256 4841 1279 4905 s.
1300 4864 1344 4907 m.
1371 4844 1405 4905 in
1429 4842 1574 4905 manerio
1599 4841 1641 4905 de
1668 4840 1954 4909 Murrum-nichil
1977 4849 2055 4931 qnia

556 4934 642 4998 inira
655 4936 779 4996 etatem
794 4935 828 4995 et
842 4932 876 4993 in
892 4930 1038 4993 custodia
1052 4929 1177 4992 domini
1192 4931 1290 5015 regis.

602 5070 738 5134 Issbella
751 5069 781 5132 le
796 5068 966 5151 Straunge,
979 5066 1135 5131 Ricardus
1149 5067 1179 5130 lc
1193 5066 1324 5150 Deneys
1339 5072 1374 5131 et
1389 5064 1564 5130 Nicholaus
1578 5065 1619 5129 de
1631 5064 1801 5151 Skemyng
1811 5070 1908 5132 tenet
1918 5069 1965 5135 di.
1975 5070 1999 5137 f.
2009 5092 2054 5137 m.

557 5160 593 5223 in
608 5158 774 5225 Losomu
790 5161 825 5220 et
838 5156 955 5223 Corus.

599 5296 691 5361 Prior
705 5296 746 5360 de
760 5291 992 5379 Walsyngham
1007 5297 1100 5358 tenet
1114 5294 1160 5359 di.
1177 5293 1202 5357 f.
1217 5314 1264 5359 m.
1280 5292 1315 5355 in
1331 5292 1453 5356 eisdem
1469 5290 1555 5355 villis
1568 5291 1671 5355 nichil
1686 5292 1763 5376 quia
1777 5290 1981 5361 decimabils.

601 5432 747 5519 Rogerus
760 5431 903 5515 Harsyt,
916 5430 1069 5510 chivaler,
1086 5434 1176 5494 tenet
1191 5431 1236 5493 di.
1253 5428 1275 5492 f.
1292 5450 1338 5496 m.
1355 5429 1390 5491 in
1408 5429 1554 5494 Dnsnsu
1571 5426 1611 5490 ds
1625 5427 1744 5489 comite
1758 5426 1958 5495 Arnndellis.

600 5569 741 5720 Thpmas
765 5568 986 5654 Erpyngham,
1008 5566 1158 5648 chivsler,
1182 5572 1276 5630 tenet
1301 5566 1346 5633 di.
1372 5567 1396 5630 f.
1420 5588 1464 5631 m.
1493 5566 1528 5628 in
1553 5564 1695 5632 Lucum
1717 5563 1758 5628 de
1783 5564 1939 5629 Extranio
1959 5566 2001 5630 de
2024 5566 2057 5631 la

559 5660 650 5723 Marc
674 5704 685 5724 .

601 5795 912 5948 RicardnsRBozonn
935 5796 972 5857 et
998 5796 1148 5857 tenentes
1171 5793 1223 5856 sui
1237 5796 1351 5856 tenent
1376 5791 1411 5875 ij.
1427 5789 1451 5857 f.
1479 5795 1513 5854 et
1536 5790 1581 5855 di.
1599 5790 1621 5853 l.
1637 5810 1682 5854 m.
1704 5788 1739 5851 in
1754 5788 1999 5856 Wrssrsosnrs
2013 5790 2055 5856 ds

561 5885 692 5950 domino
705 5885 746 5948 de
790 5904 834 5947 os.
