5000 7050
547 1069 611 1137 286
1200 1063 1404 1132 LINGOLN.

592 1354 640 1417 De
664 1353 773 1438 aliquo
796 1351 940 1416 subsidio
965 1370 1019 1416 un.
1036 1350 1058 1415 i.
1086 1351 1122 1414 in
1145 1350 1298 1429 Housou,
1328 1350 1413 1436 quod
1436 1349 1614 1428 Johennes‚
1637 1351 1724 1414 filius
1740 1351 1809 1414 Ade
1836 1355 1908 1414 ette
1934 1350 2048 1429 welle,

547 1441 710 1526 quondam
725 1443 845 1520 tenuit,
859 1460 924 1502 non
940 1439 1147 1522 respondent,
1162 1459 1201 1502 eo
1216 1439 1301 1524 quod
1316 1437 1448 1501 feodum
1462 1438 1631 1523 ignoretur
1645 1459 1682 1502 ec
1697 1458 1755 1523 pro
1769 1459 1806 1502 eo
1822 1440 1907 1524 quod
1919 1438 2047 1502 nullum

547 1528 738 1701 ziliizsidiirgjmd
752 1527 872 1592 ibidem
902 1527 1090 1591 levaverunt
1116 1532 1178 1590 etc.
1212 1523 1415 1613 [cancellos]
1462 1525 1644 1590 Onersntur
1673 1547 1769 1609 super
1792 1533 1978 1609 compotum
2005 1527 2046 1588 de

591 1752 639 1816 De
654 1754 758 1836 priore
773 1752 813 1815 de
829 1751 945 1814 Sixhill
961 1773 1018 1835 pro
1034 1752 1095 1836 xij·
1117 1757 1208 1835 parte
1223 1771 1279 1814 un.
1293 1751 1318 1815 f.
1335 1751 1368 1814 in
1385 1751 1615 1829 womarus,
1632 1772 1729 1836 quam
1746 1751 1982 1835 predecessores
1996 1753 2046 1815 sui

547 1841 708 1926 quondam
723 1845 909 1904 tenuerunt.
954 1837 1076 1920 Nichil,
1093 1840 1169 1924 quia
1183 1847 1295 1902 contre
1311 1847 1373 1902 etc.

591 1977 641 2040 De
654 1977 731 2062 iiij‘·
750 1977 951 2059 pertenui.
969 1997 1012 2042 m.
1028 1978 1063 2039 in
1086 1978 1341 2054 Commodos,
1354 1997 1464 2062 ‚quem
1493 1975 1651 2039 Henricus
1675 1975 1858 2039 Wewesour
1883 1976 2045 2060 quondum

547 2066 668 2142 tenuit,
691 2083 756 2126 non
771 2064 976 2147 respondent,
991 2085 1029 2127 eo
1044 2065 1129 2149 quod
1144 2064 1302 2127 dividitur
1317 2065 1402 2128 inter
1417 2065 1557 2148 priorem
1572 2064 1613 2126 de
1628 2063 1833 2148 Alvynghnm
1848 2067 1881 2126 et
1896 2063 2045 2126 abbatem

547 2153 588 2216 de
604 2152 702 2214 Pereo
718 2150 819 2228 Lude,
827 2153 885 2236 qui
900 2172 972 2214 eam
988 2157 1104 2214 tenent
1120 2153 1295 2235 separatim
1311 2171 1368 2236 pro
1384 2172 1417 2215 se
1432 2157 1467 2215 et
1482 2153 1527 2214 sic
1542 2161 1656 2215 contre
1670 2152 1806 2214 formem
1822 2151 2046 2230 concessionis,

547 2242 633 2303 sicut
648 2239 834 2303 continetur
848 2245 909 2308 etc,
954 2236 1076 2320 Nichil,
1093 2244 1156 2303 etc.

592 2373 640 2438 De
655 2374 785 2438 domino
800 2373 841 2436 de
856 2373 1019 2458 Wylugby
1033 2394 1091 2457 pro
1105 2371 1150 2435 di.
1167 2370 1190 2437 f.
1204 2373 1240 2434 in
1264 2371 1501 2451 Fouuusnown‚
1526 2371 1612 2456 quod
1635 2371 1798 2438 Johunnes
1820 2375 1860 2438 de
1886 2372 2047 2457 Wylugby

548 2462 835 2548 quondnmtenuit
929 2496 944 2508 -
1031 2496 1046 2507 ·
1134 2499 1145 2510 ·
1234 2499 1245 2510 -
1336 2499 1347 2510 ·
1438 2499 1448 2510 -
1540 2499 1550 2510 -
1745 2501 1756 2512 -
1844 2461 2040 2547 iij.s.iiij.d.

966 2597 1132 2661 feodorum
1143 2595 1245 2682 z-iij.
1261 2597 1285 2661 i.
1301 2595 1350 2681 iij.
1367 2603 1473 2682 quart.
1489 2604 1523 2660 et
1537 2596 1581 2660 v‘¹
1602 2617 1676 2680 pers
1692 2619 1746 2664 un.
1762 2598 1786 2660 f.

805 2642 941 2706 summa
965 2687 1170 2750 denariorum
1183 2684 1358 2769 2-11Vi·⁸·
1372 2685 1437 2769 id·
1454 2685 1501 2750 Οὐ·

1007 3035 1121 3100 Fnons
1142 3033 1332 3100 ABBATIS
1356 3033 1415 3098 DE
1441 3033 1602 3101 BURGO.

593 3195 642 3259 De
657 3194 772 3258 abbate
788 3193 828 3256 de
843 3193 952 3276 Burgo
966 3213 1024 3276 pro
1039 3213 1094 3258 un.
1110 3194 1133 3259 f.
1151 3201 1186 3257 et
1201 3195 1278 3280 iiij‘·
1297 3201 1390 3278 parte
1406 3217 1461 3261 un.
1477 3197 1500 3258 f.
1517 3198 1551 3259 in
1569 3197 1726 3275 Scossou,
1752 3216 1813 3281 que
1828 3192 1991 3258 Johennes
2006 3191 2047 3255 de

549 3281 673 3366 Nsvyle
689 3282 852 3366 quondam
868 3281 989 3345 tenuit.
1035 3279 1156 3360 Nichil,
1180 3284 1256 3368 quia
1283 3283 1475 3348 decimabile
1496 3279 1699 3370 [secedim]
1745 3285 1926 3348 Onerentur
1952 3301 2047 3364 super

548 3375 733 3454 compotum
749 3370 788 3433 de
803 3369 905 3454 viij.s.
921 3367 1022 3453 iiijd.

591 3506 641 3571 De
657 3507 733 3593 ffijr.
753 3510 845 3592 perte
870 3528 926 3571 un.
943 3505 967 3571 f.
983 3527 1026 3572 m.
1053 3507 1086 3570 in
1114 3507 1305 3589 Nonssose,
1331 3530 1428 3595 quom
1454 3506 1620 3573 Johennes
1646 3507 1687 3570 de
1713 3506 1859 3572 Kendele
1881 3506 2045 3593 quondam

546 3597 667 3674 tenuit,
690 3616 755 3658 non
778 3595 984 3679 respondent,
1011 3614 1050 3658 eo
1077 3596 1161 3681 quod
1188 3598 1347 3661 dividitur
1372 3599 1456 3661 inter
1478 3596 1662 3661 Johennem
1676 3595 1806 3679 'Iurnay
1820 3602 1855 3659 et
1870 3594 2044 3657 Ricardum

546 3682 719 3768 Psrtemy,
730 3684 786 3769 qui
798 3683 891 3746 illam
901 3686 1015 3745 tenent
1030 3686 1199 3766 seperatim
1215 3706 1321 3768 perse
1337 3691 1370 3748 et
1382 3686 1427 3748 sic
1438 3685 1547 3747 minus
1559 3685 1635 3769 iiij‘·
1655 3692 1755 3765 parte,
1765 3686 1850 3747 sicut
1861 3684 2046 3746 continetur

546 3777 607 3837 etc.
651 3772 680 3833 N
684 3771 773 3848 ichil,
787 3772 864 3856 quia
878 3776 989 3833 contre
1004 3777 1068 3836 etc.

590 3908 640 3972 De
663 3908 803 3972 Roberto
827 3907 1017 3991 Wesshelyn
1040 3927 1098 3991 pro
1123 3908 1169 3973 di.
1196 3909 1219 3973 i.
1245 3930 1290 3975 m.
1318 3911 1352 3973 in
1378 3910 1549 3989 Cnemis,
1575 3910 1658 3995 quod
1682 3910 1845 3974 Johnnnes
1867 3910 2045 3973 Mounceus

546 3996 709 4082 quondam
724 3997 830 4059 tenuit
928 4035 939 4046 ·
1030 4034 1041 4045 -
1132 4035 1142 4046 -
1740 4038 1751 4050 -
1840 3998 1923 4083 iij.s.
1940 3997 2042 4083 iiij.d.

589 4134 638 4197 De
653 4136 696 4197 v‘·
716 4140 807 4218 parte
822 4152 878 4196 un.
895 4132 918 4198 f.
935 4152 979 4196 m.
996 4131 1032 4194 in
1048 4132 1260 4211 Younnonnn‚
1275 4154 1372 4219 quem
1388 4134 1549 4199 Robertus
1573 4134 1718 4199 Halbern
1740 4135 1901 4220 quondum
1926 4135 2043 4201 tenuit.

545 4223 574 4284 N
578 4220 668 4302 ichil‚
683 4221 759 4307 quie
772 4232 884 4285 contre
899 4224 961 4284 etc.

588 4359 638 4422 De
652 4360 760 4445 aliquo
774 4357 916 4423 subsidio
929 4376 984 4420 un.
1000 4356 1022 4420 f.
1038 4376 1082 4421 m.
1097 4358 1131 4419 in
1148 4358 1479 4443 H1mnssown‚quod
1495 4359 1612 4422 Petrus
1638 4360 1679 4422 de
1702 4360 1843 4440 Gurdon,
1860 4361 2044 4425 Willelmus

545 4448 710 4525 Tannum,
735 4452 769 4535 et
794 4448 880 4529 prior
905 4442 944 4506 de
960 4442 1053 4505 Novo
1067 4444 1152 4507 Ioco
1167 4445 1329 4529 quondam
1346 4453 1533 4525 tenuerunt,
1547 4466 1611 4509 non
1627 4448 1833 4530 respondent,
1848 4468 1884 4511 eo
1901 4449 1986 4533 quod
2001 4448 2043 4512 de

544 4534 637 4598 feodo
652 4555 757 4620 neque
775 4536 843 4611 (sic)
861 4532 901 4595 de
917 4530 1104 4594 tenentibus
1119 4535 1298 4616 ignoretur,
1313 4554 1350 4596 ao
1364 4554 1421 4617 pro
1437 4554 1475 4596 eo
1491 4534 1575 4619 quod
1590 4535 1691 4597 iidem
1707 4535 1891 4599 collectores
1913 4537 2041 4599 nullum

544 4622 727 4685 subsidium
752 4620 830 4683 inde
855 4620 1043 4683 levaverunt
1071 4624 1135 4683 etc.
1164 4622 1356 4699 (canoelled).
1403 4619 1583 4685 Onerentur
1599 4642 1692 4705 super
1706 4628 1891 4705 compotum
1907 4624 1947 4687 de
1962 4624 2042 4710 vj.s.

543 4708 654 4794 viijd.

587 4843 636 4905 De
651 4844 757 4926 priore
771 4842 811 4906 de
826 4842 917 4906 Novo
932 4841 1017 4905 Loco
1031 4863 1090 4926 pro
1105 4844 1149 4909 di.
1159 4844 1183 4910 f.
1194 4845 1228 4907 in
1244 4846 1356 4909 eedem
1365 4845 1455 4923 ville,
1465 4844 1550 4929 quod
1566 4843 1801 4928 predecessores
1816 4846 1866 4909 sui
1881 4846 2043 4931 quondam

543 4936 729 4995 tenuerunt.
775 4928 886 4993 Nichii
901 4931 978 5015 quie
993 4930 1187 4995 deeimabile
1209 4930 1413 5019 [concollcd].
1459 4932 1739 5016 Superonerentur
1761 4932 1800 4995 de
1815 4934 1899 5018 iij.s.
1915 4935 2018 5020 iiij.d.

503 5100 510 5116 ν
550 5100 555 5109 ,
586 5068 636 5132 De
651 5069 699 5131 ix·
718 5038 810 5153 purte
824 5089 880 5135 un.
897 5068 919 5136 f.
935 5071 970 5134 in
994 5073 1195 5150 Msuunuon,
1220 5092 1319 5156 quem
1344 5070 1508 5134 Walterus
1534 5068 1710 5156 Wyldeker
1735 5044 1897 5155 quondam
1921 5074 2041 5138 tenuit.

543 5154 665 5234 Nichil,
677 5158 755 5241 quie
769 5163 891 5237 contre,
907 5166 969 5226 etc.

586 5293 635 5357 De
671 5295 774 5378 priore
810 5295 851 5357 de
887 5295 1125 5361 Thorneholme
1155 5316 1212 5379 pro
1241 5297 1319 5383 iiij‘·
1353 5300 1446 5380 perte
1477 5316 1533 5359 un.
1564 5295 1586 5359 i.
1616 5295 1651 5356 in
1683 5296 1915 5377 &venenose
1946 5318 2044 5382 quem

542 5380 777 5463 predecessores
813 5384 864 5446 sui
901 5385 1064 5469 quondam
1100 5388 1288 5449 tenuerunt.
1336 5384 1457 5461 Nichil,
1493 5383 1571 5467 quie
1608 5382 1801 5445 decimabile
1838 5380 2042 5471 [edocendi]

543 5467 820 5553 Superonersntur
835 5472 876 5533 de
891 5492 941 5535 xx.
954 5473 986 5536 d.

584 5606 633 5670 De
650 5607 790 5672 Henrico
805 5609 932 5693 Morley
947 5630 1005 5692 pro
1019 5610 1068 5695 iij.
1085 5608 1232 5693 pertibus
1248 5629 1304 5675 un.
1321 5611 1344 5675 f.
1355 5611 1389 5673 in
1407 5608 1541 5686 Hosion,
1554 5607 1639 5691 quod
1654 5603 1821 5670 Johannes
1836 5606 1876 5671 de
1891 5608 1922 5671 le
1938 5608 2043 5672 Grave

542 5695 705 5779 quondam
720 5700 828 5759 tenuit
862 5733 1891 5748 -----------
1980 5716 2043 5763 ue.

861 5875 907 5943 su
1024 5836 1188 5938 feodorum
1199 5836 1315 5920 :-iiij.
1333 5835 1410 5937 inei
1425 5834 1503 5917 ffiju
1525 5854 1597 5916 pers
1613 5853 1667 5896 un.
1684 5831 1707 5896 f.

878 5996 884 6003 ,
1021 5924 1226 5987 denariorum
1237 5942 1437 6007 t-xxvrr].e.
1454 5921 1555 6007 urJ.d.
