5000 7050
572 1046 615 1108 48
1261 1050 1392 1115 KENT.

619 1336 668 1400 De
698 1336 823 1421 Rogero
852 1338 883 1403 le
913 1340 1033 1423 Zonge,
1062 1338 1186 1403 Thema
1209 1338 1241 1403 le
1272 1341 1394 1425 Zonge,
1419 1340 1490 1402 Ade
1519 1339 1550 1402 le
1576 1340 1698 1425 Zonge,
1722 1339 1887 1403 Willelmo
1918 1337 2009 1417 shot,
2040 1342 2077 1403 et

573 1425 768 1507 perueneriie
782 1427 859 1505 cuii,
874 1432 1022 1491 tenentes
1041 1425 1111 1508 (cic)
1130 1426 1286 1490 Wiilelmi
1302 1427 1341 1491 de
1356 1426 1469 1505 Butes,
1479 1447 1537 1510 pro
1552 1426 1626 1513 viij·
1643 1432 1733 1511 perte
1747 1428 1772 1512 j.
1785 1427 1809 1490 f.
1821 1446 1920 1511 quam
1933 1426 2077 1511 predicti

575 1517 723 1575 tenentes
737 1512 897 1581 Willelmi
911 1514 952 1578 de
967 1512 1068 1578 Burei
1084 1521 1261 1578 tenuerunt
1276 1515 1312 1577 in
1328 1515 1537 1581 Bnorrnrcnc
1553 1514 1594 1578 de
1609 1514 1698 1579 dicto
1712 1516 1862 1599 episcopo
1904 1554 1915 1566 -
2003 1533 2034 1578 v.
2046 1535 2074 1579 c.

617 1647 668 1711 De
694 1648 866 1713 heredibus
891 1650 1040 1715 Johenne
1064 1653 1104 1716 de
1131 1652 1278 1732 Belresle,
1301 1659 1335 1715 et
1356 1651 1515 1716 Johennie
1538 1652 1579 1714 de
1604 1652 1787 1735 Foxegreve
1811 1671 1869 1735 pro
1884 1651 1929 1715 di.
1946 1649 1970 1716 f.
1987 1650 2075 1733 quod

574 1736 714 1820 predicti
729 1735 879 1802 Johanna
894 1744 929 1802 et
943 1736 1107 1803 Johannes
1122 1744 1302 1804 tenuerunt
1317 1742 1352 1803 in
1369 1739 1584 1805 Bccncrnrrr
1679 1779 1690 1791 ·
1780 1780 1791 1790 -
1883 1779 1893 1790 -
1982 1759 2072 1805 xxa.

870 1874 1117 1964 Summe-xij.
1129 1900 1155 1944 c.
1173 1877 1244 1963 viij.
1258 1878 1290 1942 d.
1307 1896 1365 1960 pro
1379 1878 1404 1965 J'.
1421 1876 1445 1943 f.
1460 1882 1495 1940 et
1507 1878 1579 1965 xvj·
1596 1881 1688 1961 perte
1703 1876 1727 1963 j.
1744 1874 1768 1942 f.

1059 2139 1281 2207 Hunccrnurr
1304 2160 1348 2206 mr
1371 2138 1593 2206 LYTLELE.

616 2299 667 2365 De
679 2301 797 2366 ebbcte
812 2302 925 2367 Sancti
942 2305 1129 2390 Augustini,
1145 2303 1332 2393 Centcerie,
1347 2324 1404 2387 pro
1418 2304 1442 2391 j.
1459 2302 1624 2388 quarterio
1637 2302 1662 2388 j.
1679 2301 1704 2368 f.
1720 2302 1756 2367 in
1784 2300 2007 2367 Pimsrrrnc
2032 2300 2073 2364 de

571 2408 649 2473 rege
683 2424 1917 2443 .............
2006 2409 2075 2454 M,

615 2523 664 2588 De
689 2524 837 2590 Johcnne
862 2526 903 2590 de
929 2526 1135 2606 Northwode,
1161 2530 1279 2606 milite,
1304 2547 1362 2611 pro
1386 2527 1411 2613 j.
1437 2527 1602 2611 quarterio
1628 2526 1652 2612 j.
1680 2523 1705 2591 f.
1732 2524 1819 2609 quod
1843 2524 2003 2588 Henricue
2030 2524 2071 2589 de

572 2611 784 2677 Northewode
799 2616 908 2679 tenuit
922 2616 956 2677 in
974 2615 1132 2683 erccno
1147 2616 1188 2679 de
1203 2616 1347 2679 manerio
1362 2615 1403 2679 de
1419 2613 1596 2697 Stolrebery
1700 2654 1711 2667 -
1802 2652 1813 2665 -
1904 2650 1915 2663 ·
2003 2632 2070 2677 res.

1029 2753 1274 2822 Summe-xx.
1285 2779 1311 2821 c.
1328 2774 1386 2839 pro
1407 2752 1527 2844 [j.d1·.]
1548 2754 1572 2841 j.
1589 2751 1613 2819 f.

1082 3019 1303 3085 Hurnecnurr
1326 3040 1369 3084 mr
1392 3018 1572 3087 AOSTAN.

613 3178 663 3243 De
678 3179 799 3245 Otione
813 3181 855 3245 de
869 3180 1081 3259 (immisero,
1096 3182 1216 3263 milite,
1225 3205 1284 3268 pro
1298 3184 1364 3270 iiij·
1383 3188 1473 3267 perte
1488 3184 1500 3270 j
1505 3233 1513 3248 .
1523 3182 1548 3247 f.
1561 3202 1661 3265 quam
1675 3180 1697 3246 J
1698 3181 1839 3245 ohannes
1856 3178 1897 3244 de
1914 3176 2071 3262 Getewyk

571 3268 683 3332 tenuit
696 3267 731 3331 in
748 3268 859 3336 Aeemc
873 3268 914 3334 de
927 3268 1053 3354 Rogero
1068 3270 1239 3355 Moubrcy‚
1254 3279 1288 3335 et
1302 3272 1372 3355 ipse
1389 3272 1429 3335 de
1445 3292 1522 3356 rege
1598 3310 1609 3321 -
1700 3308 1711 3321 ·
1801 3308 1812 3319 -
1902 3305 1913 3316 ·
2002 3286 2068 3331 ιε.

614 3404 662 3469 De
676 3406 840 3471 Willelmo
855 3407 897 3471 de
911 3407 1027 3473 chcr
1042 3429 1100 3493 pro
1114 3410 1180 3496 iiij⁵
1199 3414 1292 3494 parte
1306 3411 1331 3497 j.
1346 3412 1368 3477 f.
1385 3430 1482 3495 qucm
1497 3410 1519 3474 J
1521 3407 1663 3473 ohannes
1679 3408 1719 3471 de
1735 3404 1894 3490 Getewyk
1909 3402 2019 3469 tenuit
2035 3406 2069 3467 in

568 3494 690 3575 Assur,
705 3495 790 3579 apud
807 3494 1030 3580 Scorrcaovn,
1047 3496 1087 3562 de
1101 3499 1248 3583 predicto
1266 3519 1354 3584 rege,
1369 3512 1403 3564 et
1417 3500 1487 3584 ipse
1505 3496 1546 3562 de
1561 3516 1637 3583 rege
1698 3535 1708 3546 -
1798 3535 1809 3545 -
1899 3534 1910 3544 -
2003 3514 2070 3560 xa.

614 3631 663 3696 De
679 3632 805 3719 Rogcro
819 3633 887 3698 filio
901 3631 1026 3699 Thome
1040 3635 1082 3699 de
1097 3635 1235 3700 Rokesle
1250 3657 1309 3720 pro
1322 3636 1346 3722 j.
1364 3637 1388 3701 f.
1404 3635 1490 3720 quod
1507 3633 1612 3697 Adam
1627 3633 1668 3696 dc
1684 3627 1882 3695 Sheucholte
1903 3629 2014 3693 tenuit
2034 3629 2070 3692 in

570 3719 815 3787 Mumscorrnc
840 3721 880 3785 de
906 3721 1046 3786 Ricardo
1069 3723 1100 3787 le
1126 3724 1221 3803 Rooe,
1236 3731 1271 3789 et
1287 3725 1357 3808 ipse
1372 3723 1411 3787 de
1426 3721 1597 3786 heredibus
1613 3719 1750 3783 Rcberti
1766 3715 1882 3801 Aseyk‚
1897 3717 2017 3800 etipse
2031 3714 2070 3778 de

569 3827 645 3892 rege
676 3843 1905 3863 ..............
1993 3802 2069 3867 xlx.

613 3944 663 4009 De
688 3943 837 4010 ,iohanne
862 3945 936 4009 Fitz
962 3946 1115 4025 Bernard,
1138 3948 1262 4022 milite,
1285 3968 1343 4032 pro
1368 3948 1413 4013 di.
1429 3946 1453 4012 f.
1469 3945 1555 4032 quod
1579 3942 1772 4027 Radulphur
1797 3940 1885 4004 filius
1913 3939 2070 4003 Bernerdi

569 4034 678 4097 tenuit
693 4034 727 4096 in
743 4033 992 4100 Krrrcrsnourrr
1007 4035 1046 4098 de
1061 4034 1211 4099 Johannc
1226 4035 1268 4098 de
1284 4033 1403 4099 Sancto
1417 4032 1581 4110 Johmne,
1596 4033 1717 4116 etipse
1731 4029 1770 4093 de
1785 4047 1860 4112 rege
1882 4067 1893 4080 ·
1982 4046 2066 4092 xxc.

613 4169 661 4233 De
676 4168 847 4234 heredibus
861 4171 1019 4235 Willelmi
1034 4172 1074 4236 de
1090 4170 1303 4237 Chellesfelde
1317 4193 1375 4256 pro
1389 4172 1435 4238 di.
1448 4173 1472 4238 f.
1489 4172 1575 4255 quod
1590 4169 1699 4233 dictus
1708 4166 1894 4231 Willelmuc
1910 4163 2020 4228 tenuit
2034 4163 2070 4227 in

574 4257 837 4323 Lunnmereror
866 4289 1895 4312 -----------
1981 4272 2069 4317 xm.

613 4392 663 4458 De
678 4394 858 4480 Reginaldo
872 4395 914 4459 de
929 4393 1083 4474 Oobhem,
1101 4397 1222 4474 milite,
1236 4418 1295 4481 pro
1309 4397 1355 4463 di.
1370 4395 1394 4461 f.
1416 4395 1503 4480 quod
1525 4393 1638 4459 Simon
1659 4393 1700 4456 de
1724 4387 1936 4474 Echynghcm
1959 4385 2068 4449 tenuit

568 4483 603 4545 in
618 4481 881 4549 Lunnrucrrsrorr
896 4483 936 4547 de
951 4483 1088 4548 Riccrdo
1103 4484 1143 4548 de
1158 4484 1306 4566 Bokeele,
1322 4485 1444 4568 etipse
1460 4484 1501 4547 de
1516 4503 1601 4568 rege,
1619 4481 1660 4544 de
1675 4478 1795 4543 honore
1811 4477 1852 4540 de
1868 4473 2025 4626 mix.
2039 4581 2066 4624 Β.

612 4704 663 4769 De
684 4705 856 4791 Radulpho
877 4707 917 4770 de
939 4707 1181 4794 Frenynghem,
1203 4709 1322 4787 milite,
1343 4708 1412 4773 filio
1433 4707 1591 4772 Johcnnic
1613 4705 1654 4768 de
1676 4698 1909 4786 Frcnynghcrn
1931 4716 1991 4780 pro
2017 4695 2069 4782 iij.

567 4794 713 4876 partibus
726 4793 751 4878 j.
768 4795 791 4859 i.
807 4814 887 4879 ques
902 4794 1065 4859 Johannee
1081 4798 1121 4860 de
1139 4796 1222 4860 [feld
1236 4799 1345 4860 tenuit
1361 4797 1397 4860 in
1412 4796 1645 4862 Fncrrrcmrr
1660 4792 1701 4855 de
1716 4790 1860 4853 manerio
1874 4786 1916 4850 de
1940 4784 2068 4847 Horten

568 4880 733 4965 Kyrkeby,
747 4887 782 4945 et
796 4885 883 4945 ultre
896 4883 937 4946 de
952 4882 1194 4968 archiepiscopo
1251 4914 1875 4936 -------
1964 4891 2069 4937 xxxa.

610 5015 661 5081 De
682 5016 830 5082 Jchanne
851 5018 892 5083 de
915 5018 1064 5097 Rokesle,
1082 5026 1205 5085 rectore
1220 5021 1355 5085 ecclesie
1369 5020 1409 5084 de
1425 5017 1632 5094 Chellenseld,
1646 5035 1706 5099 pro
1720 5015 1745 5100 j.
1762 5012 1786 5078 f.
1804 5009 1891 5096 quod
1907 5007 2070 5072 Walterus

566 5103 608 5168 de
623 5103 762 5169 Rokeclc
778 5107 887 5170 tenuit
901 5107 936 5170 in
952 5106 1215 5174 Lmrrcceror
1231 5108 1271 5172 de
1287 5108 1450 5192 Margeria
1464 5107 1505 5170 de
1521 5105 1692 5188 Ryvers.
1784 5140 1794 5150 .
1885 5137 1895 5148 .
1984 5093 2066 5159 xic.

611 5240 659 5304 De
673 5240 822 5306 Johanne
836 5244 877 5307 de
894 5242 1073 5328 Bykencre,
1088 5249 1125 5309 et
1139 5247 1335 5328 perceneriis
1351 5244 1428 5323 suis,
1446 5263 1503 5326 pro
1513 5242 1541 5326 j.
1558 5241 1583 5307 f.
1599 5238 1687 5325 quod
1701 5236 1818 5300 Petrus
1832 5233 1873 5297 de
1889 5229 2070 5332 Audehcrrr‚

564 5327 711 5412 Bogerue
724 5328 767 5393 de
781 5329 963 5415 Bykenore,
976 5330 1141 5396 Johannee
1157 5329 1312 5409 Clericus,
1326 5337 1359 5394 et
1375 5329 1573 5416 Regineldus
1595 5327 1625 5392 le
1647 5326 1807 5389 Teverner
1828 5323 2009 5386 tenuerunt
2032 5337 2069 5381 m

564 5415 769 5483 Dnnrrrrocn
784 5417 826 5481 de
841 5417 968 5504 chero
981 5419 1022 5483 de
1037 5417 1288 5497 lacerarem
1302 5421 1371 5503 ipse
1386 5418 1425 5481 de
1443 5415 1586 5480 Wcrecio
1601 5415 1641 5479 de
1656 5412 1769 5476 Monte
1785 5409 1901 5474 (lunico
1988 5405 2067 5470 xlc.

609 5549 659 5613 De
682 5550 816 5616 domino
839 5552 979 5617 Ricardo
1002 5553 1130 5635 Talbot,
1158 5555 1279 5634 milite,
1301 5575 1359 5640 pro
1380 5555 1425 5622 di.
1442 5555 1466 5620 f.
1489 5552 1578 5638 quod
1600 5552 1698 5635 Hugo
1720 5549 1762 5612 de
1785 5545 1869 5609 Veer
1890 5543 2004 5608 tenuit
2031 5543 2068 5604 in

567 5637 847 5706 Swmcscorrnde
862 5661 939 5725 rege
963 5671 1889 5694 ----------
1979 5649 2067 5696 xm.

608 5772 657 5837 De
685 5775 800 5840 eodem
829 5777 961 5841 domino
983 5778 1121 5843 Ricardo
1145 5799 1202 5863 pro
1225 5787 1260 5845 x·
1276 5784 1368 5863 perte
1392 5780 1419 5863 j.
1438 5778 1462 5844 f.
1492 5797 1589 5861 quem
1621 5775 1729 5838 dictus
1767 5771 1864 5856 Hugo
1892 5769 2003 5832 tenuit
2033 5768 2069 5830 in

566 5859 790 5930 Swmnscoun
805 5863 846 5928 de
860 5865 994 5931 domino
1009 5887 1085 5955 rege
1157 5897 1880 5920 --------
1969 5855 2021 5942 iiij
2026 5876 2069 5920 ,3.
