5000 7050
572 1110 615 1175 70
1268 1106 1399 1175 ΚΕΝΤ.

623 1398 763 1462 Thomas
786 1399 875 1484 Pape
899 1399 965 1464 fuit
989 1402 1121 1465 seisitus
1146 1407 1208 1483 etc.
1233 1401 1274 1465 de
1301 1403 1395 1465 terris
1418 1408 1452 1466 et
1478 1402 1675 1465 tenementis
1705 1406 1768 1465 eto.
1797 1420 1862 1483 que
1885 1399 1994 1463 velent
2020 1416 2084 1481 per

581 1507 706 1550 annum
720 1491 782 1552 etc.
798 1489 894 1572 xxjm.
912 1488 1023 1573 viiio.

624 1626 667 1688 Et
682 1622 782 1689 habet
795 1627 831 1688 in
846 1625 919 1690 aliie
934 1626 1108 1691 hundredis
1123 1633 1173 1691 set
1187 1628 1227 1691 de
1242 1627 1349 1692 valore
1364 1629 1526 1713 ignorent.

623 1764 669 1827 Et
693 1764 833 1827 ulterius
853 1764 968 1828 dicunt
991 1765 1155 1847 predictus
1176 1766 1336 1849 juratores
1361 1788 1419 1850 per
1443 1770 1683 1832 sacramentum
1699 1786 1806 1842 suum,
1822 1764 1909 1849 quod
1923 1784 1998 1827 vero
2013 1762 2082 1826 alie

580 1871 714 1934 persone
730 1872 795 1915 non
810 1851 992 1916 habuerunt
1005 1851 1079 1938 (ete.
1095 1877 1131 1919 ae
1147 1856 1274 1938 before).

624 1989 664 2052 In
680 1990 773 2073 cujus
787 1992 834 2054 rei
848 1991 1088 2069 testimonium,
1102 1996 1166 2056 etc.

1066 2227 1300 2317 [Huununouu
1324 2228 1605 2318 sinitedem]

626 2365 801 2449 Inquisicio
814 2364 975 2431 hundredi
990 2369 1030 2431 de
1045 2367 1170 2454 Bregge
1185 2375 1280 2453 cepta
1294 2369 1380 2453 apud
1396 2368 1511 2432 Eiham
1526 2369 1579 2432 die
1594 2368 1684 2432 Jovis
1701 2369 1846 2451 proximo
1861 2372 1934 2451 post
1957 2365 2080 2429 festum

510 2518 513 2522 ,
581 2454 840 2517 circumcisionis
868 2453 1012 2531 Domini,
1036 2476 1121 2518 enno
1149 2459 1242 2542 regni
1269 2459 1353 2542 regis
1383 2457 1517 2520 Henrici
1543 2458 1623 2520 sexti
1650 2456 1788 2534 decimo,
1803 2476 1909 2518 comm
1931 2453 2080 2516 Johnnne

580 2540 707 2604 Pcoche
740 2546 808 2620 (ete.
838 2565 875 2607 oe
905 2544 1033 2625 before),
1062 2565 1120 2626 per
1148 2553 1384 2608 sacramentum
1416 2544 1546 2607 Rioerdi
1574 2543 1723 2629 Cullyng,
1765 2543 1911 2622 senioris,
1948 2538 2079 2603 Ricardi

581 2626 731 2713 Culiyng,
755 2628 908 2713 junioris,
937 2630 1088 2714 Hugonis
1116 2631 1236 2715 Herby,
1263 2632 1413 2715 Gylberti
1440 2632 1587 2715 Heryng,
1614 2629 1764 2715 Symonis
1794 2630 1896 2709 Daue,
1920 2626 2079 2690 Willelmi

582 2715 678 2798 Brey,
695 2716 844 2799 Symonis
860 2716 1026 2799 Rykedon,
1040 2717 1200 2782 Johannie
1226 2718 1419 2803 Brownyng‚
1442 2717 1603 2782 Johannis
1628 2717 1805 2801 Bawmeys,
1830 2715 1952 2779 Thome
1978 2714 2079 2790 Rede,

581 2801 740 2866 Johaunie
764 2803 868 2883 Prest,
893 2807 928 2867 et
951 2804 1111 2870 Johannis
1137 2805 1301 2884 Shirlend,
1322 2806 1515 2890 juratorum,
1531 2808 1587 2890 qui
1603 2805 1718 2869 dicunt
1733 2826 1827 2889 super
1843 2806 2079 2867 sacramentum

580 2889 730 2974 quod:—

625 3026 818 3091 Edmundus
834 3027 973 3092 Herdres
988 3030 1053 3093 ruit
1068 3030 1199 3094 seisitus
1214 3031 1247 3094 in
1265 3032 1429 3097 dominico
1444 3052 1512 3109 suo,
1528 3036 1567 3095 ut
1591 3031 1630 3094 de
1654 3031 1758 3107 feodo,
1781 3031 1835 3093 die
1861 3029 1993 3093 Veneris
2016 3034 2078 3094 ete.

581 3116 617 3177 in
632 3114 800 3179 hundredo
815 3117 959 3199 predicto
973 3117 1017 3181 de
1031 3120 1175 3181 manerio
1189 3119 1229 3183 de
1246 3120 1350 3185 Hecu
1366 3120 1537 3199 Eunones,
1553 3124 1646 3183 tento
1660 3139 1718 3202 per
1733 3117 1905 3181 servicium
1919 3137 1975 3181 un.
1993 3116 2015 3180 f.
2032 3136 2077 3180 m.

582 3202 713 3287 integri.

624 3340 809 3403 Willelmus
823 3339 953 3425 Ohnyne
968 3343 1033 3405 fuit
1044 3345 1177 3407 scisitue
1192 3346 1307 3409 eodem
1322 3344 1377 3409 die
1392 3349 1454 3410 etc.
1467 3344 1508 3408 de
1524 3346 1669 3409 manerio
1684 3345 1725 3408 de
1749 3344 2077 3420 Prrnmnnssoonus,

582 3432 676 3492 tento
691 3449 748 3510 per
761 3430 931 3492 servicium
946 3429 992 3494 di.
1009 3430 1032 3495 f.
1049 3452 1092 3495 m.

626 3567 717 3629 Prior
730 3566 771 3630 de
787 3568 915 3630 Merton
932 3569 997 3633 suit
1012 3573 1143 3635 scisitus
1159 3579 1220 3637 etc.
1237 3572 1279 3636 de
1294 3573 1338 3636 di.
1355 3571 1378 3639 f.
1395 3595 1437 3646 m.
1455 3575 1488 3635 in
1506 3572 1841 3637 Prrnruunseounuu.

582 3683 821 3856 HBartilmius
845 3705 972 3770 Bonene
996 3712 1030 3770 et
1057 3707 1240 3772 Wiilelmus
1265 3711 1376 3773 Hautc
1403 3712 1535 3773 suerunt
1565 3710 1670 3772 scisiti
1699 3713 1762 3773 etc.
1788 3708 1829 3772 de
1856 3709 1902 3771 di.
1928 3708 1949 3770 f.
1975 3728 2018 3770 m.
2044 3707 2079 3768 iu

618 3812 742 3857 nouem.

580 3927 816 4081 BEdmundus
845 3928 962 4012 Wykes
988 3938 1023 3992 et
1049 3927 1142 3994 heres
1164 3931 1324 3995 iohannis
1348 3932 1445 4016 Petyt
1461 3933 1594 3996 fuerunt
1620 3931 1726 3994 seisiti
1741 3930 1795 3992 die
1811 3934 1872 3994 etc.
1888 3930 1928 3992 de
1943 3928 1987 3993 di.
2004 3929 2026 3993 f.
2044 3930 2078 3991 in

610 4036 750 4081 runnu.

624 4151 781 4216 Ricardus
795 4151 1010 4238 Stoupynden
1025 4156 1091 4218 fuit
1106 4157 1237 4221 scisitus
1253 4164 1314 4222 etc.
1331 4157 1373 4221 de
1387 4159 1432 4220 vi·
1447 4161 1540 4241 parte
1556 4177 1611 4220 un.
1622 4153 1644 4220 f.
1661 4156 1692 4218 in
1711 4154 1905 4220 Hermiou.

625 4290 788 4354 Johennee
802 4292 917 4378 Dygge
933 4293 999 4359 fuit
1013 4297 1145 4360 seisitus
1159 4297 1213 4360 die
1227 4303 1288 4362 etc.
1301 4296 1341 4360 de
1356 4316 1422 4359 uno
1437 4296 1602 4379 quarterio
1616 4295 1639 4361 f.
1654 4314 1698 4360 m.
1714 4295 1750 4357 in
1767 4295 2063 4360 Nesmnnsnones.

626 4426 789 4493 Johannes
804 4428 912 4513 Denys
928 4438 962 4494 et
976 4430 1142 4498 Johennes
1157 4432 1299 4498 Orouche
1315 4435 1447 4498 fuerunt
1467 4433 1573 4496 seisiti
1598 4432 1651 4496 die
1677 4437 1739 4497 etc.
1763 4431 1802 4495 de
1826 4452 1892 4495 uno
1917 4432 2080 4514 quarterio

582 4536 638 4582 un.
655 4515 678 4581 f.
694 4536 738 4581 m.
755 4518 792 4579 in
806 4517 1101 4587 Nrrmnmnonns.

624 4651 808 4715 Willelmus
845 4652 945 4738 Petyt
980 4655 1047 4720 fuit
1083 4657 1218 4722 scisitus
1253 4657 1308 4721 die
1343 4663 1405 4722 eto.
1444 4657 1485 4722 de
1522 4676 1587 4719 uno
1623 4656 1786 4740 quarterio
1823 4675 1879 4720 un.
1913 4654 1936 4720 f.
1967 4675 2012 4719 m.
2043 4655 2080 4718 in

582 4739 877 4807 Nnrnmmnnnns.

625 4876 712 4940 Item
735 4877 848 4941 dicunt
875 4879 960 4963 quod
984 4881 1091 4965 quoad
1115 4882 1175 4946 ille
1198 4880 1440 4967 quinquaginta
1466 4880 1560 4944 seoda
1585 4833 1731 4943 militum
1757 4879 1815 4962 qui
1843 4878 1914 4958 (eie)
1939 4897 2080 4961 expensa

581 4964 727 5027 militum
742 4965 777 5028 in
791 4967 1005 5049 parliamento
1020 4975 1148 5054 portare
1162 4971 1318 5048 solebant,
1335 4989 1401 5033 non
1417 4973 1493 5033 sunt
1507 4967 1587 5030 talia
1602 4966 1765 5031 solomodo
1786 4968 1833 5028 sio
1846 4971 1981 5029 onerate
1996 4967 2080 5032 infre

582 5047 798 5132 hundredum,
813 5054 899 5117 unde
913 5057 1069 5120 noticiam
1084 5055 1215 5123 habent.

626 5189 757 5270 Item„
804 5242 811 5257 .
858 5239 865 5256 .
912 5193 1035 5258 .Ysek
1049 5195 1114 5258 fuit
1129 5197 1260 5260 seisitus
1275 5196 1315 5258 de
1331 5196 1430 5258 certis
1446 5196 1542 5258 terris
1556 5194 1591 5255 et
1606 5193 1800 5256 tenementis
1814 5191 1851 5253 in
1866 5190 2079 5276 gevylkende,

580 5298 643 5361 que
659 5278 770 5342 valent
784 5299 842 5362 per
856 5300 979 5342 annum
994 5281 1080 5345 ultre
1093 5285 1244 5367 reprises,
1260 5283 1356 5369 hijs.
1373 5282 1474 5368 iiije.
1491 5283 1526 5345 in
1543 5275 1925 5366 Psrnrn[unseounun].

627 5465 1189 5484 ...........
1213 5420 1279 5484 fuit
1295 5420 1425 5484 scisitus
1440 5425 1502 5484 etc.
1519 5419 1559 5482 de
1581 5418 1676 5482 certis
1702 5419 1797 5481 terris
1820 5423 1855 5480 et
1882 5418 2082 5482 tenementis

581 5503 616 5565 in
632 5503 962 5583 Pisumneeounun
976 5525 1039 5588 que
1053 5508 1163 5571 velent
1176 5529 1233 5592 per
1246 5528 1371 5572 annum
1387 5512 1448 5572 ete.
1466 5506 1557 5592 iij.li.
2028 5505 2032 5513 “

629 5639 812 5703 Willelmus
827 5640 914 5704 Lene
928 5640 994 5704 fuit
1017 5689 1969 5712 ..................

628 5777 828 5842 Edmundus
852 5778 973 5862 Wykes
995 5803 1059 5850 ne.
1076 5783 1112 5845 in
1127 5784 1320 5851 Nrrrnnou.

626 5914 784 5980 Ricardus
798 5914 1011 6001 Sioupynden
1025 5921 1090 5985 fuit
1105 5924 1236 5987 seisitus
1249 5922 1291 5986 de
1307 5913 1448 5986 terris‘et
1464 5962 2084 5990 ············
