5000 7050
1151 1078 1234 1144 Au.
1260 1081 1354 1144 1346.
1429 1158 1438 1176 ⁰
1931 1079 1993 1143 ιιι

501 1359 680 1516 unm
704 1367 792 1432 Ross
815 1368 856 1432 ds
872 1367 1001 1433 Vsrdou
1023 1373 1113 1434 leuet
1127 1370 1163 1455 ij.
1180 1373 1287 1454 partes
1310 1370 1335 1456 j.
1353 1371 1375 1434 f.
1395 1371 1452 1449 (in)
1471 1370 1636 1447 mausus,
1650 1374 1686 1434 et
1699 1369 1778 1434 alibi
1792 1369 1828 1432 iu
1844 1370 1997 1435 Kussuss

531 1472 707 1520 ssusuoss.

543 1589 636 1670 Lon,
650 1613 714 1677 qus
728 1591 794 1656 fuit
810 1613 889 1658 uxor
902 1593 1048 1660 Gilbsrti
1063 1595 1247 1672 Haunssrd‚
1262 1601 1351 1660 tenet
1366 1595 1398 1682 vj
1403 1645 1410 1661 .
1421 1600 1547 1680 partem
1562 1596 1586 1682 j.
1602 1595 1625 1660 f.
1642 1596 1678 1660 in
1693 1596 1884 1674 Tuosssos,
1897 1613 1995 1679 quum

500 1675 646 1762 Rogsrus
659 1681 700 1744 ds
715 1681 853 1765 Astsrby
869 1683 1031 1767 quondam
1044 1685 1163 1749 tenuit.

543 1815 663 1881 Alanus
677 1819 718 1882 ds
744 1818 938 1884 Kirksstsde
961 1826 1055 1886 tenet
1068 1823 1113 1908 vj.
1130 1826 1257 1907 partem
1272 1822 1296 1908 j.
1313 1821 1336 1887 f.
1352 1822 1387 1885 in
1416 1820 1600 1901 Summos,
1625 1841 1723 1907 quam
1750 1820 1934 1885 Willelmus
1957 1818 1997 1883 de

501 1903 620 1968 Alusto
634 1907 797 1990 quondam
812 1909 933 1974 lenuit.

542 2041 683 2107 lacobus
706 2045 746 2108 de
773 2044 872 2110 Birou
895 2051 986 2112 leuet
1008 2047 1078 2134 viij.
1101 1999 1226 2131 purtem
1253 2048 1277 2133 j.
1305 2048 1327 2113 f.
1356 2049 1391 2111 in
1417 2047 1569 2126 Housos,
1594 2066 1692 2132 quam
1715 2045 1873 2110 Ricardus
1898 2044 1999 2108 Biron

500 2129 664 2214 quondum
677 2134 799 2198 lenuit.

543 2261 635 2326 Prior
648 2263 689 2328 de
702 2263 795 2329 Novo
809 2265 896 2330 Loco
910 2271 1002 2330 tenet
1016 2265 1093 2330 inde
1106 2266 1146 2332 de
1162 2268 1251 2331 diets
1265 2268 1309 2354 vj.
1325 2270 1418 2351 psile
1433 2266 1535 2354 xxiiij.
1551 2269 1687 2350 partem.

544 2392 728 2459 Willelmus
742 2394 945 2461 Blaunchurd
961 2400 1053 2462 tenet
1068 2397 1114 2462 di.
1130 2395 1155 2462 f.
1171 2399 1208 2461 iu
1224 2397 1401 2464 Nummos
1417 2403 1453 2461 et
1469 2398 1603 2465 cmi.

545 2521 730 2589 willelmus
755 2525 898 2590 Boteller
920 2531 1015 2591 tenet
1037 2526 1100 2614 iiij.
1124 2532 1252 2612 partem
1281 2532 1316 2591 et
1341 2549 1371 2592 v.
1398 2531 1524 2612 partem
1552 2527 1580 2611 j.
1599 2527 1630 2591 l.
1657 2526 1693 2590 in
1724 2525 1888 2605 Cnossos,
1914 2519 2000 2610 quod

501 2609 660 2676 Ricsrdus
674 2612 763 2677 filius
777 2613 913 2679 Robsrti
927 2615 1092 2700 quondam
1107 2617 1225 2681 tenuit.

547 2741 652 2808 Abbss
666 2744 708 2809 de
723 2745 889 2812 Thomtou
904 2751 996 2812 tenet
1010 2770 1062 2814 ιι.
1077 2753 1204 2834 partem
1219 2750 1255 2812 in
1271 2747 1435 2816 Cnossos.

546 2878 652 2942 Abbas
678 2878 720 2942 de
742 2878 936 2943 Kirkestsde
959 2885 1049 2944 tenet
1071 2880 1132 2967 iiij.
1148 2883 1276 2963 partem
1298 2879 1325 2963 j.
1343 2879 1367 2944 f.
1382 2880 1418 2943 in
1442 2879 1625 2958 Somnos,
1640 2897 1739 2963 qusm
1753 2875 1937 2940 Willelmus
1959 2876 2000 2940 de

503 2965 934 3066 Alnstoquondsmtsuuil.
1204 3005 1209 3022 ι

503 3190 518 3249 t
545 3095 711 3250 Jolzsunes
725 3098 767 3162 de
780 3097 923 3162 Dslsson
937 3102 1030 3162 tenet
1044 3098 1090 3163 di.
1103 3098 1127 3165 f.
1139 3099 1176 3162 iu
1192 3098 1362 3177 Lsussos,
1373 3098 1458 3184 quod
1473 3096 1612 3162 Matillis
1626 3095 1667 3160 de
1683 3095 1822 3160 Dslssou
1838 3094 2002 3180 quondum

520 3205 595 3250 eum
613 3234 622 3252 .

546 3324 722 3389 Nicholsus
736 3324 777 3388 de
791 3325 877 3390 Hsle
892 3330 983 3390 tenet
997 3323 1060 3412 iiij.
1076 3329 1204 3409 purtem
1218 3323 1241 3407 j.
1259 3323 1283 3388 l.
1299 3326 1335 3388 iu
1350 3323 1468 3391 Nossa
1484 3323 1608 3402 Tuoss,
1623 3341 1722 3408 quam
1737 3321 1851 3386 Simon
1865 3322 1905 3386 de
1921 3320 2003 3385 Hale

503 3413 665 3500 quondum
681 3413 802 3479 tenuit.

546 3549 704 3614 Ricardus
726 3549 877 3614 Allebam
903 3553 995 3615 leuet
1018 3549 1080 3635 iiij.
1098 3554 1225 3633 partem
1250 3548 1275 3635 j.
1291 3548 1315 3614 f.
1330 3550 1366 3612 iu
1392 3547 1581 3626 Ῡοιιιιιοιιι,
1598 3566 1696 3632 quam
1722 3545 1837 3611 Simon
1859 3546 1898 3610 ds
1920 3546 2004 3609 Vere

503 3638 665 3723 quondam
680 3640 801 3703 tenuit.

546 3768 711 3834 lohannes
735 3769 823 3834 filius
848 3769 941 3834 Sarte
966 3775 1055 3835 benet
1079 3770 1123 3833 di
1140 3770 1163 3835 f.
1180 3770 1215 3832 in
1230 3768 1482 3847 Wmssuunsss,
1508 3769 1593 3853 quod
1618 3765 1754 3831 heredes
1777 3768 1881 3851 ipsius
1909 3766 2003 3831 Sarte

504 3857 668 3944 quondam
682 3863 871 3923 tenuerunt.

547 3987 711 4052 Johsunes
725 3987 812 4052 filius
827 3985 986 4052 Johsnuis
1002 3991 1094 4051 tenet
1108 3984 1169 4074 iiij.
1184 3991 1313 4070 partem
1328 3986 1353 4072 j.
1371 3986 1395 4051 f.
1411 3988 1447 4048 in
1465 3985 1634 4055 Ssssssos
1650 3990 1686 4048 el
1700 3984 1952 4053 Wsuusuuusss.

505 4213 520 4273 t
548 4122 641 4274 Pritor
666 4123 708 4188 ds
731 4122 917 4210 Bolyuglou
942 4129 1034 4188 tenet
1059 4123 1105 4189 di.
1120 4123 1145 4189 f.
1161 4124 1196 4187 in
1212 4123 1359 4200 Issum,
1374 4122 1459 4207 quod
1482 4121 1646 4186 lohannes
1661 4120 1701 4185 de
1716 4120 1827 4184 Insula
1841 4120 2004 4206 quondam

521 4230 598 4275 suus
615 4260 624 4276 .
995 4255 998 4261 ,
1856 4238 1859 4247 ¹

549 4346 695 4431 Rogatus
723 4346 766 4410 de
797 4345 1008 4430 Bsuchsump
1039 4350 1131 4410 tenet
1160 4346 1206 4410 di.
1237 4345 1261 4410 f.
1292 4351 1328 4407 st
1354 4344 1425 4431 viij.
1450 4348 1580 4427 purtem
1610 4345 1645 4407 el
1668 4364 1696 4408 c.
1721 4347 1848 4427 purtem
1877 4342 1902 4428 j.
1919 4342 1942 4408 f.
1972 4343 2006 4404 iu

506 4436 718 4515 Faunum,
735 4455 814 4521 quas
830 4433 1014 4498 Willelmus
1029 4432 1239 4517 Beuchaump
1255 4432 1421 4518 quondam
1437 4434 1558 4497 tsuuil.

550 4566 658 4631 Abbss
683 4565 724 4631 de
748 4566 897 4650 Revesby
923 4571 1016 4631 tenet
1042 4565 1090 4652 iij.
1118 4570 1245 4649 partem
1270 4567 1305 4628 et
1329 4585 1400 4631 xxx.
1417 4566 1543 4647 partem
1570 4562 1595 4649 j.
1611 4561 1635 4627 f.
1653 4582 1733 4647 quas
1749 4561 1907 4625 Roberlus
1922 4560 2009 4625 filius

508 4653 642 4718 Hsnrici
657 4654 820 4740 quondam
834 4656 954 4719 tenuit.

549 4790 712 4856 Robsrtus
726 4792 766 4856 de
781 4792 891 4876 Rasyu
906 4795 999 4855 tenet
1012 4790 1076 4878 iiij
1091 4794 1219 4874 partem
1233 4789 1259 4875 j.
1277 4788 1298 4855 f.
1314 4790 1349 4852 iu
1366 4788 1578 4867 Fsusuussu,
1595 4806 1694 4870 quam
1717 4784 1874 4848 Ricardus
1897 4774 2009 4846 Dukst

508 4881 670 4964 quondum
685 4881 806 4945 tenuit.

900 5222 1015 5289 Fsons
1037 5221 1243 5290 EPISOOPI
1266 5217 1625 5287 LINGOLNIENSIS.

553 5383 715 5447 walterus
740 5384 781 5446 ds
807 5328 980 5468 Tuutheby
1003 5388 1097 5447 leuet
1121 5383 1166 5469 vj.
1190 5386 1319 5465 partum
1340 5380 1366 5467 j.
1382 5380 1406 5444 f.
1423 5380 1459 5442 iu
1474 5378 1632 5467 Wssuss,
1659 5396 1757 5462 quam
1780 5374 1953 5461 Philippus
1968 5378 2009 5441 de

511 5468 616 5554 Kyme
632 5470 793 5557 quondum
808 5472 929 5536 tenuit.

552 5606 647 5672 Prior
669 5609 710 5672 de
734 5607 923 5694 Bolyugtou
947 5613 1040 5672 tenet
1065 5609 1125 5695 xij.
1141 5610 1270 5692 partem
1296 5606 1322 5692 j.
1337 5606 1361 5672 f.
1379 5605 1415 5669 iu
1440 5604 1564 5679 eadem,
1588 5623 1686 5688 quam
1708 5574 1887 5667 Simon'de
1903 5600 2010 5685 Kyme

511 5697 672 5777 quondam
687 5697 808 5761 tenuit.

510 5922 526 5981 t
552 5832 711 5986 qutsertus
732 5836 840 5918 Dsrsy
863 5838 954 5899 leuet
979 5835 1024 5901 di.
1039 5834 1063 5901 f.
1079 5835 1115 5897 in
1143 5834 1325 5910 Ssssuuou,
1341 5832 1427 5918 quod
1450 5831 1616 5895 Johsnues
1641 5829 1683 5893 de
1708 5827 1824 5892 Nevile
1848 5826 2009 5911 quondam

527 5938 603 5984 enus
621 5969 629 5987 .
