5000 7050
1038 1013 1120 1079 A·D.
1144 1016 1242 1079 1481.

795 1304 1087 1369 Wnsrsrscmnu
1111 1324 1154 1367 nn
1177 1302 1499 1369 AMONDERNES.

438 1439 593 1523 inquisicio
624 1446 730 1522 capta
760 1439 846 1523 apud
873 1440 1022 1516 Preston‚
1045 1441 1097 1502 die
1124 1440 1214 1502 Lune
1241 1440 1387 1523 proximo
1412 1446 1487 1501 ante
1514 1439 1633 1501 festum
1660 1436 1889 1520 Concepciouis

399 1527 491 1589 Beate
505 1528 595 1589 Maris
610 1527 779 1611 Virginis,
795 1548 880 1590 anno
896 1529 991 1607 regni
1007 1530 1090 1610 regis
1117 1529 1250 1590 Henrici
1278 1528 1360 1589 sexti
1384 1528 1522 1603 decimo,
1549 1547 1656 1588 coram
1681 1524 1827 1588 Johanue
1851 1525 1891 1586 de

399 1614 519 1697 Stanley
549 1621 614 1693 (cte.
650 1638 690 1678 aa
722 1616 850 1697 before),
881 1635 939 1697 per
969 1626 1207 1678 sacramentum
1236 1614 1359 1678 Thome
1391 1614 1527 1691 Radclif,
1558 1612 1710 1689 chivaler,
1742 1611 1892 1674 Nicholai

400 1700 533 1779 Botiller,
557 1701 672 1763 Jacobi
704 1702 878 1785 Pikeryng,
906 1700 1038 1764 Ricardi
1063 1702 1207 1780 Botiller,
1234 1701 1364 1763 Ricardi
1390 1702 1537 1776 Caterall,
1563 1702 1686 1762 Thome
1704 1699 1892 1782 Syngletcn,

399 1789 510 1871 cheri
536 1789 575 1851 de
601 1789 793 1867 Echeistou,
823 1789 980 1851 Willelmi
1012 1789 1183 1868 Skilicorn,
1214 1790 1345 1851 Roberti
1377 1790 1550 1867 Laurence,
1581 1789 1621 1850 de
1651 1788 1768 1862 Laton,
1797 1787 1894 1849 Alani

399 1876 577 1960 Syngletcn,
592 1876 726 1938 Ricardi
744 1877 907 1953 Blundeli,
923 1878 1092 1940 Laurencii
1108 1875 1329 1959 Aynesvrorth,
1355 1876 1521 1939 Cristoferi
1539 1874 1729 1959 Sjngletcn,
1745 1872 1892 1935 Nicholai

398 1963 538 2052 Amtgros,
552 1964 712 2025 Willelmi
728 1963 974 2047 Whityngham,
997 1971 1031 2028 et
1052 1963 1175 2027 Thome
1191 1963 1376 2048 Gosnargh,
1387 1963 1583 2046 jurat-crum,
1599 1965 1655 2045 qui
1670 1964 1784 2026 dicunt
1799 1982 1894 2045 super

399 2059 627 2113 sacramentum
644 2072 740 2114 suum
757 2053 842 2134 quod
854 2073 908 2116 :—

438 2188 590 2250 Ricardus
625 2187 815 2250 Baldreston
845 2188 885 2249 de
915 2188 1118 2265 Baldreston,
1147 2190 1187 2250 de
1220 2190 1381 2251 comitatu
1412 2187 1608 2263 Lancastrie,
1637 2186 1832 2271 gentilmon,
1862 2193 1894 2249 et

398 2274 555 2337 Johannes
579 2276 619 2337 de
646 2274 805 2338 Brokholt
830 2276 871 2338 de
898 2276 1019 2351 Hetcn,
1045 2276 1087 2337 de
1113 2278 1271 2339 comitatu
1298 2276 1454 2359 predicto,
1479 2276 1629 2358 armiger,
1645 2276 1775 2337 fuerunt
1790 2274 1893 2336 seisiti

399 2363 535 2444 predicto
549 2363 602 2425 die
617 2362 753 2424 Veneris
768 2364 808 2425 de
823 2365 967 2425 manerio
982 2365 1021 2425 de
1038 2364 1227 2437 Cmeurorv,
1243 2368 1277 2425 et
1301 2364 1382 2425 iliud
1409 2370 1584 2426 tenuerunt
1611 2362 1813 2445 conjunctim
1841 2381 1897 2444 per

400 2450 565 2512 servicium
580 2451 695 2533 quinte
710 2452 812 2532 partis
828 2471 882 2514 un.
899 2452 922 2511 s.
938 2471 982 2514 m.
1746 2488 1752 2501 ·

437 2584 578 2648 Thomas
604 2587 645 2648 de
671 2586 814 2649 Bethum
838 2587 878 2650 de
905 2586 1064 2664 Bethum,
1088 2589 1129 2649 de
1156 2588 1315 2649 comitatu
1343 2584 1633 2673 Westmerl[0nd],
1657 2588 1806 2671 armiger,
1833 2586 1896 2647 fuit

399 2674 600 2822 scisitusetcf.
616 2675 657 2822 dle
672 2676 849 2738 medietate
864 2676 1000 2737 manerii
1016 2676 1056 2737 de
1082 2676 1239 2754 Waarou,
1268 2696 1368 2758 quam
1394 2677 1504 2738 tenuit
1531 2696 1587 2757 per
1614 2676 1785 2737 servicium
1810 2679 1897 2735 sexte

400 2768 496 2842 partis
513 2780 566 2824 uu.
599 2810 606 2824 .
662 2810 670 2825 .

438 2890 611 2953 Nicbolaus
638 2891 677 2952 de
704 2889 882 2973 Syngleton
908 2890 947 2952 de
971 2889 1151 2974 Broght0u‚
1173 2890 1214 2952 de
1241 2891 1400 2952 comitatu
1415 2889 1612 2964 Leucastrie,
1626 2889 1818 2972 gentilmon,
1834 2890 1899 2951 fuit

400 2979 525 3040 saisitus
538 2987 600 3042 etc.
617 2978 659 3040 de
674 2979 776 3040 altera
792 2977 969 3041 medietate
983 2978 1120 3060 predicti
1137 2978 1273 3041 manerii
1296 2979 1335 3039 de
1352 2977 1508 3052 Waarou,
1534 2986 1567 3039 et
1592 2978 1684 3038 iilam
1708 2979 1814 3039 tenuit
1842 2997 1899 3059 per

402 3067 571 3127 servicium
587 3075 678 3127 sexte
692 3066 793 3148 partis
809 3085 864 3129 un.
881 3066 905 3129 f.
922 3086 967 3129 m.

442 3194 623 3257 Willelmus
649 3193 779 3256 Ferrers
802 3194 842 3256 de
870 3193 989 3276 Groby,
1018 3192 1058 3256 de
1085 3195 1244 3257 comitatu
1266 3193 1462 3277 Leycestrie,
1484 3193 1636 3272 chivaler,
1652 3200 1685 3255 et
1701 3192 1900 3269 Elisabetha,

406 3304 480 3344 uxor
494 3282 575 3365 ejus,
590 3292 629 3344 ut
644 3281 679 3342 in
695 3282 766 3363 jure
781 3283 883 3365 ipsius
900 3278 1099 3360 Elizabethe,
1116 3282 1247 3344 suerunt
1263 3282 1366 3343 seisiti
1382 3292 1444 3345 etc.
1470 3282 1509 3343 de
1535 3282 1688 3343 maneriis
1712 3282 1752 3343 de
1780 3282 1901 3357 Laron,

402 3372 645 3446 ii'unrnnnamr,
656 3370 818 3445 eruau,
828 3376 861 3430 et
877 3368 1034 3445 Manuos,
1044 3376 1078 3430 et
1092 3368 1150 3430 illa
1167 3372 1342 3431 tenuerunt
1358 3388 1414 3450 per
1429 3371 1600 3431 servicium
1618 3389 1673 3432 nn.
1683 3370 1804 3449 integri
1820 3369 1843 3430 f.
1856 3388 1899 3430 m.

438 3498 596 3560 Ricardus
611 3497 654 3561 de
671 3495 827 3581 Hoghton
842 3496 883 3559 de
899 3495 1066 3579 Hcghtcn,
1084 3496 1124 3558 de
1140 3496 1302 3560 comitatu
1319 3496 1477 3581 predicto,
1492 3498 1597 3576 miles,
1615 3497 1679 3560 iuit
1706 3498 1836 3560 saisitus
1861 3497 1902 3558 de

402 3587 553 3648 maneriis
567 3587 606 3647 de
621 3592 759 3669 utraque
775 3585 857 3663 Irus,
874 3590 908 3647 et
924 3585 982 3646 illa
998 3586 1105 3646 tenuit
1121 3605 1177 3667 per
1193 3586 1364 3647 servicium
1381 3587 1477 3648 tercie
1494 3586 1594 3668 partie
1611 3604 1667 3648 un.
1684 3583 1707 3649 f.
1725 3606 1769 3648 m.

444 3710 628 3773 Willelmus
644 3709 824 3774 Skilicorne
841 3711 882 3773 de
897 3709 1007 3787 Prees,
1021 3712 1064 3772 de
1080 3713 1239 3773 comitatu
1254 3713 1412 3794 predicte,
1438 3713 1590 3795 armiger,
1619 3713 1684 3773 tuit
1708 3712 1837 3773 seisitus
1860 3711 1900 3772 de

403 3801 544 3864 manerio
558 3800 599 3860 de
614 3799 737 3876 Pauus,
755 3808 785 3860 et
803 3798 886 3860 illud
903 3799 1012 3860 tenuit
1026 3819 1084 3881 per
1100 3800 1271 3861 servicium
1289 3812 1401 3881 quarte
1416 3803 1517 3883 partis
1532 3820 1588 3862 un.
1604 3800 1627 3863 f.
1645 3821 1688 3863 m.

440 3925 609 3990 ‚Iohannes
624 3927 665 3989 de
680 3925 813 4008 Stanley
825 3926 865 3988 de
882 3925 1037 4002 Lathum,
1052 3926 1093 3990 de
1108 3929 1270 3990 comitatu
1287 3928 1481 4007 Lancestrie,
1493 3929 1599 4007 miles,
1614 3928 1677 3990 fuit
1693 3929 1823 3990 scisitus
1838 3931 1900 3991 etc.

403 4015 628 4166 gleervrirgispglrigsi
644 4013 850 4163 dfemWnrorv,
877 4014 1042 4090 Tannum,
1067 4015 1225 4093 Wassuu,
1251 4022 1286 4078 et
1312 4017 1534 4091 Termessos,
1561 4027 1596 4078 et
1622 4016 1679 4078 illa
1705 4022 1821 4079 teuent
1848 4035 1904 4097 per

446 4232 646 4294 Laurencius
671 4229 701 4291 le
720 4231 857 4312 Wareyn
873 4230 912 4292 de
929 4228 1093 4313 Stopford,
1108 4231 1149 4292 de
1164 4233 1323 4294 comitatu
1339 4231 1475 4310 Cestrie,
1493 4234 1597 4311 miles,
1615 4232 1680 4295 fuit
1695 4231 1825 4294 scisitus
1841 4237 1903 4294 etc.

406 4320 447 4381 de
459 4320 606 4381 manerio
622 4318 662 4381 de
678 4318 947 4395 Wonrnuuerorv,
963 4330 996 4380 et
1013 4318 1096 4380 illud
1112 4322 1221 4381 tenuit
1236 4340 1294 4400 per
1310 4321 1478 4382 servicium
1496 4341 1551 4383 un.
1569 4322 1691 4404 integri
1708 4321 1731 4381 f.
1747 4339 1791 4382 m.

447 4448 588 4510 Thomas
612 4447 653 4509 de
682 4448 885 4530 Rigmayden
913 4424 1148 4526 de‘Wedcore
1174 4450 1214 4512 de
1245 4451 1404 4512 comitatu
1434 4450 1588 4532 predicto,
1619 4449 1814 4531 gentilman,
1843 4447 1907 4508 fuit

405 4537 536 4599 scisitus
561 4543 625 4600 etc.
651 4535 693 4596 de
722 4536 896 4599 medietate
920 4536 1058 4604 manerii
1084 4535 1125 4598 de
1150 4536 1349 4616 Guasrsuc,
1375 4543 1409 4599 et
1434 4537 1524 4599 illam
1539 4538 1650 4600 tenuit
1663 4557 1720 4618 per
1736 4535 1907 4597 servicium

405 4631 522 4707 quarte
538 4630 631 4707 parte
647 4643 704 4686 un.
720 4625 744 4688 f.
760 4643 805 4687 m.

449 4752 634 4815 Willelmus
660 4751 701 4814 de
725 4750 909 4813 Hudleston
934 4751 974 4813 de
999 4750 1178 4829 r'rekilton,
1204 4753 1244 4814 de
1270 4753 1429 4814 comitatu
1455 4751 1652 4827 lancastrie,
1676 4750 1827 4832 armiger,
1844 4748 1908 4811 fuit

406 4841 536 4903 seisitus
551 4846 617 4903 etc.
635 4838 676 4900 de
691 4837 867 4900 medietate
884 4839 1102 4902 maneriorum
1118 4840 1158 4900 de
1174 4840 1367 4904 assumor
1383 4847 1416 4902 et
1432 4839 1628 4915 Ennnsusu,
1643 4844 1676 4900 et
1692 4837 1782 4898 illam
1799 4838 1907 4898 tenuit

405 4949 464 5012 per
481 4928 654 4992 servicium
668 4926 715 4991 di.
732 4926 756 4989 t.
773 4946 818 4989 m.

451 5055 495 5117 Et
508 5056 625 5118 dicum
640 5054 728 5136 quod
744 5073 807 5114 non
823 5058 898 5116 sunt
915 5055 1021 5136 alique
1037 5075 1183 5138 persone,
1196 5075 1259 5139 que
1283 5055 1416 5117 fuerunt
1431 5055 1538 5117 seisite
1556 5059 1623 5137 (etc.
1640 5075 1676 5116 as
1692 5053 1810 5134 before)
1826 5052 1911 5112 infra

406 5140 689 5226 vrappentuchium
705 5142 746 5203 de
761 5142 992 5204 Amondernee.

453 5255 489 5318 In
504 5256 598 5339 cujus
612 5254 662 5318 rei
676 5254 904 5316 testimonium
919 5258 983 5319 etc.

777 5435 1083 5525 [Wsrrnsrscumu
1107 5438 1166 5526 nu]
1198 5438 1552 5507 SALFORDSHIRE.

451 5584 627 5669 Inquisicio
642 5585 744 5661 capta
759 5578 844 5660 apud
861 5577 994 5641 Preston
1011 5579 1064 5640 die
1082 5579 1172 5640 Lune
1187 5580 1333 5661 proximo
1348 5585 1421 5660 post
1436 5578 1555 5639 festum
1572 5574 1798 5656 Concepcionis
1813 5571 1913 5634 Beate

413 5671 509 5737 Marie
526 5671 691 5757 Virginis,
709 5684 797 5727 anno
822 5667 915 5747 regni
939 5667 1025 5749 regis
1041 5665 1176 5728 Henrici
1191 5667 1274 5728 sexti
1290 5665 1426 5741 decimu,
1441 5684 1547 5725 coram
1563 5662 1585 5726 J
1586 5661 1709 5724 ohanne
1725 5661 1764 5722 de
1781 5658 1913 5741 Stanley

412 5765 471 5834 (etc,
486 5787 522 5827 ag
537 5763 675 5842 before),
694 5773 753 5836 per
769 5760 1005 5815 sacramentum
1022 5753 1187 5814 Edmundi
1202 5754 1243 5815 de
1259 5752 1414 5828 Trafford,
1426 5751 1577 5826 chivaler,
1592 5748 1731 5811 Galsridi
1746 5748 1776 5808 le
1791 5747 1911 5828 Massy,

408 5850 546 5928 chivaler,
572 5842 748 5912 Johannis
773 5839 891 5921 Byron,
918 5839 1070 5916 chivaier,
1094 5840 1251 5902 Johannis
1276 5841 1314 5901 de
1346 5838 1476 5902 Radclif
1503 5839 1543 5899 de
1575 5835 1735 5911 Erdesalc,
1763 5832 1912 5910 chivaler,
