5000 7050
550 1098 614 1163 344
1193 1095 1400 1163 LINGOLN.

594 1388 753 1451 Robertus
769 1388 881 1473 Gregg
896 1388 936 1451 de
952 1385 1136 1469 Saltfletby‚
1150 1407 1281 1469 yoman‚
1296 1386 1361 1452 fuit
1376 1387 1506 1450 seisitus
1521 1390 1583 1451 etc.
1600 1386 1640 1450 de
1665 1387 1762 1449 terris
1789 1392 1825 1451 et
1850 1386 2053 1450 tenementis

551 1476 586 1537 in
602 1475 830 1553 Βιιοιιιιιιιιιιι,
847 1484 881 1540 et
896 1480 1047 1539 tenentur
1061 1495 1118 1558 per
1132 1476 1304 1537 servicium
1320 1482 1435 1558 quarte
1449 1476 1551 1557 partis
1567 1474 1591 1540 f.
1607 1494 1662 1537 un.
1677 1494 1723 1538 m.

595 1626 759 1693 Johannes
782 1629 909 1712 Dysney
936 1630 976 1693 de
1004 1627 1144 1693 Fosham
1170 1631 1204 1691 in
1229 1631 1389 1693 comitatu
1405 1628 1550 1706 Eboraci,
1568 1648 1695 1711 squyer‚
1709 1628 1775 1691 fuit
1789 1628 1919 1691 seisitus
1935 1632 1998 1691 etc.
2014 1627 2049 1688 in

552 1718 697 1780 manerio
713 1716 752 1779 de
769 1716 932 1795 Caoxrou,
949 1722 984 1780 et
1000 1719 1130 1780 tenetur
1144 1736 1200 1799 per
1216 1717 1390 1780 servicium
1406 1721 1496 1780 sexte
1513 1718 1615 1799 partis
1628 1714 1652 1780 t.
1669 1735 1725 1780 un.
1742 1736 1786 1780 m.

596 1867 736 1932 Thomas
760 1868 875 1933 Ctareli
900 1870 941 1933 de
968 1868 1080 1933 Stetou
1108 1872 1143 1932 in
1167 1869 1328 1932 comitatu
1353 1868 1500 1945 Eboraci,
1526 1887 1653 1951 squyer,
1679 1868 1744 1931 tuit
1768 1868 1899 1931 seisitus
1923 1874 1985 1932 etc.
2009 1866 2050 1929 de

554 1957 697 2020 manerio
712 1957 752 2020 de
768 1958 912 2035 Usener,
930 1962 962 2020 et
978 1962 1109 2020 tenetur
1124 1978 1181 2040 per
1196 1956 1370 2019 servicium
1387 1955 1409 2020 t.
1426 1975 1482 2020 un.
1499 1976 1543 2019 m.

596 2103 759 2167 Jchannes
773 2105 854 2187 Hyll
869 2105 909 2168 de
925 2106 1057 2189 Ulseby,
1073 2105 1278 2191 gentylman‚
1293 2106 1358 2168 fuit
1372 2108 1489 2169 seistus
1504 2115 1566 2169 etc.
1583 2105 1624 2167 dc
1639 2106 1732 2168 terris
1747 2111 1782 2169 et
1797 2106 1995 2169 tenementis
2015 2105 2049 2165 in

554 2191 698 2271 Ursam,
715 2196 749 2255 et
765 2198 919 2256 tenentur
934 2214 991 2277 per
1006 2194 1177 2257 servicium
1192 2194 1317 2256 decime
1333 2194 1436 2276 partis
1451 2191 1474 2263 t,
1493 2212 1547 2256 un.
1564 2213 1608 2257 m.

597 2343 705 2407 Abhas
730 2343 769 2407 de
790 2344 957 2408 Thornton
983 2345 1047 2409 tuit
1072 2346 1204 2411 seisitus
1228 2350 1290 2411 etc.
1308 2345 1349 2409 de
1374 2345 1518 2407 manerio
1544 2344 1585 2406 de
1610 2345 1764 2422 Buranun,
1781 2351 1815 2408 et
1840 2350 1970 2409 tenetur
1995 2365 2052 2428 per

553 2432 720 2494 servicium
735 2437 848 2516 quarte
864 2434 964 2514 partis
979 2432 1002 2498 f.
1020 2454 1075 2498 uu.
1092 2454 1136 2499 m.
1154 2434 1331 2518 perquisita
1346 2437 1421 2516 post
1434 2451 1557 2495 annum
1581 2432 1772 2494 vicesimum
1796 2434 1881 2515 regis
1904 2433 2051 2496 Edwardi

554 2518 615 2581 filii
629 2520 715 2602 regis
730 2518 866 2581 Henrici
882 2521 985 2585 tercii.

599 2654 690 2717 idem
714 2654 811 2718 abbas
838 2653 904 2717 fuit
930 2656 1059 2719 seisitus
1083 2660 1145 2721 etc.
1163 2656 1203 2719 de
1226 2656 1372 2717 manerio
1396 2654 1436 2717 de
1463 2655 1596 2721 Unsnev
1611 2675 1685 2716 curn
1711 2656 1778 2717 suis
1792 2655 2001 2737 pertinenciis
2016 2654 2051 2715 in

555 2742 688 2807 Unsnev
702 2742 824 2804 vocatis
840 2742 1159 2821 Connevucrorvuurr,
1175 2749 1209 2806 et
1225 2747 1357 2805 tenetur
1372 2762 1428 2824 per
1443 2743 1615 2804 servicium
1630 2746 1745 2824 quarte
1768 2744 1871 2825 partis
1894 2740 1917 2805 t.
1933 2761 1990 2805 nn.
2006 2761 2051 2805 m.

554 2831 594 2891 de
620 2829 770 2891 Johanne
797 2829 1016 2913 Tyryngham‚
1043 2831 1161 2908 milite,
1188 2850 1245 2912 per
1270 2829 1435 2892 redditum
1461 2828 1550 2912 vj.d.
1580 2850 1638 2912 per
1667 2849 1789 2891 annum
1818 2849 1874 2912 pro
1903 2828 2053 2891 omnibus

555 2916 710 2993 serviciis,
724 2918 940 3000 perquisitum
957 2925 994 2981 ut
1009 2938 1115 3001 supra.

596 3052 780 3118 Willelmus
796 3053 920 3116 Burton
936 3053 975 3117 de
991 3052 1188 3135 Burtonjoce
1202 3054 1237 3115 in
1259 3055 1418 3117 comitatu
1440 3054 1661 3138 Notyngham,
1686 3074 1815 3136 squyer,
1837 3052 1902 3114 init
1924 3053 2054 3113 seisitus

554 3145 615 3204 etc.
632 3141 673 3203 de
699 3142 844 3204 manerio
870 3141 909 3202 de
924 3140 1069 3207 Worrorv
1096 3161 1171 3202 cum
1187 3142 1396 3223 pertinenciis
1412 3143 1446 3204 in
1462 3142 1605 3207 Worrou
1621 3142 1742 3203 vocatis
1757 3141 2051 3219 Aveunnevruvuc,

554 3233 588 3291 et
604 3232 734 3290 tenetur
748 3248 804 3310 per
819 3228 990 3290 servicium
1006 3234 1116 3311 quarte
1132 3229 1234 3311 partis
1249 3228 1272 3291 t.
1289 3250 1345 3293 un.
1359 3249 1404 3293 m.

598 3358 758 3422 Robertus
772 3358 929 3443 Haytfeld
944 3358 983 3422 de
1000 3359 1159 3444 Haytfeld
1173 3362 1209 3423 in
1223 3362 1384 3424 comitatu
1399 3360 1548 3436 Eboraci,
1563 3379 1691 3442 squyer,
1707 3358 1773 3422 fuit
1787 3359 1917 3422 saisitus
1932 3366 1996 3425 etc.
2013 3361 2053 3424 de

553 3448 649 3511 terris
664 3453 700 3509 et
714 3449 912 3510 tenementis
927 3448 961 3510 in
978 3448 1133 3526 Woruorv‚
1149 3454 1181 3511 et
1198 3454 1356 3511 tenentur
1370 3469 1428 3532 per
1442 3448 1613 3510 servicium
1627 3446 1818 3510 medietatis
1832 3445 1857 3512 f.
1873 3466 1929 3512 un.
1945 3467 1990 3513 m.

598 3585 772 3649 Nicholaus
798 3587 939 3670 Dalyson
963 3589 1003 3651 de
1031 3588 1181 3673 Laghtcn
1208 3591 1242 3652 in
1259 3589 1418 3651 comitatu
1433 3585 1614 3665 Lincolnie‚
1628 3586 1831 3669 gentylman‚
1848 3587 1912 3650 fuit
1927 3588 2054 3651 seisitus

554 3675 801 3827 ἓιθιέθὲἰὶοῃίῗφιοιὶι
827 3685 862 3739 et
886 3678 1084 3768 tenementis
1108 3678 1143 3738 in
1172 3677 1362 3752 Nasamon,
1389 3675 1533 3751 Generi,
1555 3680 1590 3738 et
1615 3674 1756 3750 eamr,
1777 3695 1840 3758 que
1866 3674 1977 3738 valant
1991 3684 2053 3740 etc.

598 3894 740 3956 Thomas
769 3893 1008 3959 Gumbervvorth
1037 3898 1077 3960 de
1108 3897 1274 3982 Somerby,
1299 3897 1403 3976 miles,
1427 3895 1492 3959 fuit
1524 3897 1658 3960 seisitus
1685 3901 1748 3960 etc.
1775 3897 1814 3960 de
1845 3898 1989 3960 manerio
2014 3898 2055 3960 de

558 3983 723 4061 Snunner,
738 3986 772 4044 et
788 3989 920 4046 tenetur
934 4005 993 4066 per
1009 3985 1182 4048 servicium
1196 4005 1281 4049 noue
1296 3987 1398 4069 partis
1412 3983 1435 4048 f.
1452 4005 1506 4048 un.
1523 4004 1567 4047 m.

599 4118 692 4181 Idem
707 4117 847 4182 Thomas
861 4118 926 4182 fuit
942 4122 1071 4185 seisitus
1087 4127 1149 4187 etc.
1167 4123 1209 4186 de
1224 4124 1367 4187 manerio
1382 4123 1422 4186 de
1440 4122 1608 4197 senuaar,
1619 4127 1654 4182 et
1668 4126 1799 4184 tenetur
1813 4141 1870 4204 per
1884 4123 2056 4186 servicium

555 4211 670 4291 quarte
685 4207 786 4289 partis
801 4206 824 4270 f.
841 4227 897 4271 uu.
914 4227 959 4271 m.

599 4342 763 4408 Johannes
776 4343 927 4429 Toumay
943 4345 982 4409 de
999 4343 1154 4430 Crnneby,
1169 4368 1295 4430 squyer‚
1312 4347 1377 4410 fuit
1392 4347 1523 4410 seisitus
1538 4349 1600 4408 etc.
1618 4345 1659 4408 de
1685 4346 1779 4408 terris
1803 4354 1838 4410 et
1861 4349 2057 4411 tenementis

556 4431 591 4494 in
607 4432 751 4506 (invest,
766 4436 800 4493 ct
816 4438 948 4494 tenetur
962 4454 1019 4516 per
1034 4435 1204 4498 servicium
1220 4435 1344 4498 decime
1359 4435 1460 4518 partis
1476 4434 1499 4498 f.
1516 4454 1571 4496 un.
1588 4453 1632 4497 m.

601 4566 766 4631 Johannes
793 4566 880 4630 Bard
908 4569 947 4631 de
974 4569 1082 4634 North
1109 4571 1239 4656 Kelsay,
1264 4572 1468 4655 gentylman,
1494 4571 1559 4632 tuit
1583 4569 1711 4632 seisitus
1740 4574 1802 4633 etc.
1828 4569 1868 4633 de
1898 4572 1993 4634 terris
2023 4579 2060 4636 et

559 4656 754 4718 tenementis
770 4655 805 4717 in
822 4655 940 4721 Noenu
956 4658 1100 4739 Kanenv,
1115 4665 1147 4722 et
1164 4665 1319 4724 tenentur
1335 4680 1390 4743 per
1406 4658 1578 4721 servicium
1594 4663 1681 4719 sexte
1695 4658 1797 4739 partis
1811 4657 1835 4721 f.
1852 4677 1909 4722 un.
1924 4677 1970 4722 m.

601 4789 753 4869 Thomas,
775 4793 928 4857 dominus
956 4797 996 4859 de
1027 4797 1123 4873 Boos,
1145 4799 1229 4862 infra
1260 4803 1384 4861 etatem
1414 4803 1448 4860 et
1477 4796 1512 4860 in
1542 4795 1689 4859 custodia
1712 4794 1837 4858 domini
1866 4797 1962 4880 regis,
1993 4798 2061 4860 fuit

558 4881 708 5030 ieidiiuin
714 4888 778 4946 etc.
804 4882 844 4944 de
869 4886 1013 4948 manerio
1038 4887 1078 4949 de
1102 4885 1243 4952 Mannorv
1270 4886 1371 4962 Reos,
1394 4890 1429 4948 et
1451 4890 1581 4948 tenetur
1602 4903 1659 4965 per
1679 4883 1855 4946 servicium
1870 4884 2061 5006 medietatis

600 5104 694 5167 Idem
709 5104 847 5169 Thomas
862 5107 928 5172 fuit
944 5109 1075 5173 seisitus
1091 5110 1131 5172 de
1146 5110 1289 5172 manerio
1304 5110 1343 5171 de
1359 5108 1537 5175 Gouxuun,
1558 5127 1634 5169 cum
1649 5105 1795 5173 Wcrrorr
1817 5113 1850 5170 et
1877 5107 2059 5189 Βιιιιιιιιιιι,

557 5193 711 5255 membris
727 5193 753 5276 ej
760 5193 873 5257 usdem
888 5198 1035 5275 manerii,
1053 5204 1087 5260 et
1102 5201 1232 5260 tenetur
1246 5217 1304 5279 per
1320 5198 1492 5260 servicium
1507 5200 1623 5277 quarte
1637 5194 1739 5276 part-is
1754 5195 1777 5258 t.
1794 5214 1850 5259 un.
1866 5214 1910 5260 m.

601 5328 693 5391 Idem
709 5325 848 5394 Thomas
863 5331 928 5394 tuit
943 5334 1073 5396 seisitus
1090 5337 1152 5396 etc.
1170 5332 1210 5395 de
1226 5333 1369 5396 manerio
1384 5333 1425 5395 de
1440 5332 1594 5409 nassis,
1609 5336 1644 5393 et
1660 5333 1788 5393 tenetur
1814 5350 1873 5414 per
1887 5332 2060 5395 servicium

557 5421 670 5480 octave
685 5417 786 5498 partis
802 5416 825 5481 f.
842 5438 897 5480 un.
913 5440 957 5482 m.

602 5551 746 5637 Rogerns
760 5552 801 5616 de
817 5552 904 5616 Kellr
920 5554 959 5618 de
974 5555 1150 5638 Bernetby,
1165 5577 1290 5641 sqnyer,
1300 5556 1365 5620 fuit
1381 5557 1510 5620 seisitus
1525 5560 1588 5620 etc.
1600 5555 1641 5617 de
1654 5553 1800 5619 manerio
1814 5554 1853 5618 de
1868 5554 2062 5636 Brennum,

556 5644 591 5702 et
606 5644 738 5703 tenetur
752 5661 808 5723 per
822 5641 990 5704 servicium
1007 5643 1191 5708 medietatis
1207 5644 1229 5709 t.
1247 5665 1303 5708 un.
1320 5665 1363 5709 m.

602 5776 785 5839 Willelmus
813 5775 982 5864 Tyrvvhytt
1013 5778 1054 5842 de
1084 5778 1239 5865 Ketelby,
1272 5781 1378 5858 miles,
1408 5780 1473 5843 tuit
1503 5779 1633 5842 seisitus
1663 5783 1725 5841 etc.
1765 5777 1805 5840 de
1835 5779 1988 5842 maneriis
2019 5780 2062 5843 de

553 5863 757 6016 guvviffiu}
772 5862 920 6014 ῗξιιιιιιιιι,
948 5864 1082 5932 Tnoarv
1106 5867 1275 5946 Ksrnnnv,
1294 5874 1327 5932 et
1349 5867 1497 5935 Wusuev
1519 5886 1593 5928 cum
1618 5865 1741 5943 Poura,
1767 5871 1799 5928 et
1826 5871 1980 5928 tenentur
2002 5887 2064 5951 per
