5000 7050
1121 1073 1204 1140 Aa).
1230 1077 1325 1142 1428.
1910 1073 1972 1138 571

509 1367 701 1436 Edmundus
714 1371 755 1436 de
769 1371 851 1436 Lem
865 1391 942 1436 oum
956 1369 1096 1437 Rioardo
1110 1372 1141 1436 le
1155 1371 1279 1436 Jeuene
1295 1377 1384 1436 tenet
1399 1371 1434 1434 in
1450 1370 1587 1438 Barros
1602 1369 1813 1432 medietatem
1829 1366 1853 1452 j.
1871 1366 1893 1432 f.
1911 1388 1956 1433 m.

508 1507 668 1572 Dominus
683 1508 781 1596 lingo
797 1508 934 1574 Bardolf
943 1514 1036 1575 tenet
1050 1511 1086 1574 in
1102 1510 1267 1577 Frscnau
1292 1509 1329 1595 ij.
1347 1517 1454 1594 partes
1477 1508 1504 1593 j.
1521 1507 1545 1574 f.
1563 1530 1608 1574 m.
1635 1513 1669 1571 et
1693 1507 1789 1571 modo
1813 1507 1847 1568 in
1875 1525 1973 1570 manu

466 1594 591 1660 domini
605 1598 704 1680 regis.

509 1731 629 1816 Symon
649 1731 816 1818 Fynoham
840 1739 933 1799 tenet
956 1736 991 1797 in
1015 1734 1187 1814 Frscnam
1214 1735 1361 1802 Danaen
1388 1740 1421 1799 et
1447 1735 1613 1801 rounam
1641 1752 1743 1799 unum
1773 1733 1972 1817 quarterium

464 1819 489 1904 j.
507 1820 530 1885 f.
547 1841 592 1886 m.
608 1824 644 1885 et
657 1820 759 1884 alium
774 1823 975 1909 quarterium
991 1824 1171 1909 ignoratur.

465 2037 496 2101 G
509 1949 752 2102 Idemurffymon
775 1955 869 2016 tenet
892 1954 928 2015 in
954 1951 1117 2020 Frsonasr
1143 1953 1278 2018 terciam
1303 1957 1430 2038 partam
1449 1952 1478 2036 j.
1495 1953 1518 2016 i.
1534 1974 1579 2018 m.
1606 1951 1770 2034 qnondam
1792 1949 1908 2034 Rogeri
1932 1949 1972 2012 de

497 2057 592 2101 ranoo
649 2085 658 2103 .

465 2149 683 2302 nggfhoffm
697 2150 828 2235 Geyton
844 2155 937 2216 tenet
950 2153 987 2216 in
1003 2151 1166 2220 amcam
1181 2151 1398 2218 medietatem
1413 2153 1437 2238 j.
1455 2152 1478 2217 f.
1494 2172 1539 2217 m.
1551 2151 1713 2237 quondam
1729 2149 1916 2232 sampsonis
1931 2149 1971 2211 de

493 2259 513 2320 y
562 2258 609 2302 we
636 2286 646 2303 .

465 2349 691 2503 fflyaeeffirna
705 2349 1027 2417 Farrkisrrelleatenet
1041 2355 1077 2417 in
1095 2352 1258 2422 Frrcaau
1272 2353 1487 2418 medietatam
1504 2352 1529 2439 j.
1546 2352 1568 2418 f.
1585 2374 1629 2419 m.
1653 2351 1816 2434 quondam
1840 2349 1969 2414 Roberti

501 2458 526 2500 n
583 2458 602 2501 a
648 2459 688 2506 rr.

506 2550 690 2616 willelmus
720 2549 908 2617 Bekisrrelle
937 2558 972 2617 et
1002 2551 1124 2637 Symon
1153 2553 1324 2638 Fynoham
1353 2557 1470 2619 tenent
1499 2555 1535 2616 in
1566 2551 1729 2620 amoma
1754 2549 1970 2615 medietatem

458 2639 487 2722 j.
503 2639 528 2705 f.
542 2659 589 2706 m.
602 2638 766 2723 quondam
781 2637 949 2704 Edmnndi
962 2639 1005 2704 de
1019 2641 1052 2705 la
1066 2641 1196 2710 Combe.

507 2775 682 2842 Nioholans
697 2775 788 2860 Payn
802 2782 897 2841 tenet
910 2779 946 2840 in
962 2778 1126 2846 Fruamur
1137 2779 1165 2864 j.
1181 2779 1206 2845 f.
1222 2803 1268 2845 m.
1283 2779 1446 2865 quondam
1463 2777 1532 2842 Ade
1546 2776 1672 2844 Talbot.

506 2914 603 2993 Rosa,
611 2935 691 2979 uxor
700 2915 864 3000 qnondam
876 2914 1099 2982 Bartholomei
1114 2916 1252 3004 Bygote,
1263 2921 1358 2982 tenet
1368 2918 1404 2980 in
1418 2918 1641 2994 Sanannsnrn,
1652 2916 1827 2992 Fortunas,
1838 2913 1968 2980 Rreros

462 3011 496 3068 et
511 3003 744 3073 Wararuororr
759 3003 970 3068 medietatem
984 3005 1009 3091 j.
1024 3006 1048 3072 f.
1065 3028 1111 3071 m.
1129 3015 1165 3070 et
1177 3007 1236 3073 alii
1251 3007 1411 3070 medietas
1426 3005 1549 3070 ibidem
1564 3007 1599 3068 in
1615 3023 1715 3066 manu
1730 3001 1855 3066 domini
1871 3003 1967 3086 regia.

506 3141 646 3205 Thomas
659 3141 825 3206 Walsham
840 3147 931 3208 tenet
947 3145 982 3207 in
999 3144 1248 3212 Brocaauwaan
1263 3145 1288 3232 j.
1306 3145 1327 3210 f.
1344 3166 1389 3210 m.
1407 3143 1568 3229 quondam
1584 3140 1743 3207 Willelmi
1759 3141 1879 3205 Belett.

506 3279 690 3343 willelmus
704 3280 807 3344 Graoe
821 3287 915 3345 tenet
928 3283 964 3345 in
981 3279 1273 3370 Brocnanbvnan]
1289 3282 1318 3366 j.
1333 3283 1356 3348 i.
1372 3303 1417 3348 m.
1432 3281 1594 3367 qnondam
1609 3277 1728 3364 Rogeri
1744 3277 1914 3362 Chervyle.

505 3415 665 3481 Robertus
688 3417 821 3500 Clyfton
844 3422 936 3482 tenet
959 3420 994 3482 in
1021 3419 1173 3496 Dama,
1199 3419 1380 3498 Dousflan,
1404 3418 1569 3486 Fossam
1596 3423 1631 3481 et
1655 3417 1800 3485 Daunan
1826 3417 1852 3502 j.
1880 3417 1902 3483 f.
1920 3439 1965 3482 m.

462 3504 624 3590 quondam
638 3504 708 3569 Ade
724 3505 847 3590 Caylly.

503 3642 662 3707 Robertus
685 3643 818 3709 Godard
843 3650 935 3708 tenet
957 3646 992 3707 in
1021 3644 1173 3724 Dnsvna,
1200 3645 1381 3725 Dausara,
1407 3646 1571 3713 Foanrran
1596 3650 1630 3708 et
1655 3644 1801 3709 Dnanau
1827 3644 1852 3728 j.
1879 3644 1902 3708 f.
1919 3666 1964 3709 m.

460 3732 625 3817 quondam
639 3731 731 3795 Petri
744 3731 785 3796 de
801 3730 970 3818 Spalding.

502 3866 610 3931 Abbas
635 3867 677 3932 da
699 3866 843 3933 Derham
866 3875 958 3934 tenet
980 3871 1016 3933 in
1043 3869 1191 3941 Danau
1217 3876 1367 3957 quartam
1393 3876 1521 3957 partam
1546 3870 1571 3957 j.
1598 3870 1622 3937 f.
1648 3891 1694 3934 m.
1720 3868 1755 3932 in
1784 3888 1900 3952 puram
1931 3876 1966 3933 et

459 3964 652 4039 perpetuam
665 3954 887 4023 elemosinam.

458 4183 480 4246 d
501 4094 642 4245 {nfirma
659 4094 850 4247 {affheeroft
865 4100 958 4162 tenet
971 4099 1007 4161 in
1024 4098 1172 4165 Danaas
1187 4104 1338 4182 quartam
1354 4103 1480 4183 partem
1494 4098 1519 4185 1⁶.
1535 4098 1557 4161 f.
1573 4120 1619 4165 m.
1636 4096 1800 4183 quondam
1815 4095 1964 4161 Hawesie

481 4203 499 4246 e
565 4202 667 4247 omwo
724 4232 733 4249 .

458 4320 609 4469 HAbbas
633 4320 675 4385 de
697 4320 839 4385 Derham
862 4327 953 4387 tenet
979 4324 1014 4387 in
1038 4324 1186 4391 Drama
1210 4328 1361 4407 quartam
1386 4328 1513 4406 partem
1532 4322 1560 4406 j.
1577 4322 1600 4388 f.
1616 4344 1661 4389 m.
1688 4321 1851 4406 quondam
1876 4322 1964 4385 dicte

492 4428 617 4473 aweare.

501 4548 593 4611 Prior
616 4548 657 4612 de
686 4546 886 4616 Sohuldham
910 4553 1006 4613 tenet
1029 4550 1065 4611 in
1092 4549 1247 4617 Wmasr
1274 4550 1409 4615 terciam
1434 4553 1562 4635 partem
1584 4548 1611 4632 j.
1630 4546 1652 4612 f.
1669 4570 1712 4613 m.
1739 4549 1774 4611 in
1797 4566 1911 4631 puram
1930 4552 1962 4609 et

457 4640 650 4721 perpetuam
666 4635 890 4702 elemosinam.

459 4773 640 4927 Regem
654 4772 788 4859 Charlys
801 4779 896 4840 tanet
908 4774 945 4839 in
960 4776 1115 4847 Wraaarr
1129 4781 1280 4862 quartam
1294 4784 1422 4861 partem
1433 4776 1460 4860 j.
1476 4776 1499 4843 f.
1515 4797 1559 4842 m.
1583 4775 1745 4859 quondam
1773 4772 1897 4839 Thome
1922 4774 1962 4837 de

476 5000 593 5149 lPrior
607 5000 648 5065 de
659 4998 859 5066 Sohuldham
873 5008 965 5067 tenet
979 5002 1179 5073 inWranau
1195 5003 1407 5069 medietatem
1418 5002 1446 5087 j.
1459 5003 1482 5071 f.
1495 5024 1539 5069 m.
1550 5004 1585 5067 in
1594 5022 1710 5087 puram
1724 5007 1758 5066 et
1773 5006 1963 5086 perpetuam

457 5106 679 5155 eamosrnam.
1399 5140 1403 5149 .

500 5224 658 5291 Bimrdm
672 5225 759 5291 filius
774 5224 918 5292 Simonis
932 5232 1025 5294 tenet
1039 5230 1074 5293 in
1091 5230 1251 5298 Burnror
1267 5234 1417 5317 quartam
1432 5234 1557 5313 partam
1573 5228 1596 5295 f.
1613 5250 1658 5295 m.

500 5362 522 5427 J
522 5362 662 5429 ohannes
676 5363 717 5428 de
732 5364 816 5428 Aula
830 5369 922 5430 tenet
937 5367 971 5430 in
987 5366 1147 5435 Bomos
1163 5374 1315 5451 quartam
1330 5372 1456 5451 partem
1470 5368 1496 5453 j.
1513 5366 1536 5433 f.
1553 5389 1598 5434 m.

457 5587 479 5650 d
501 5500 639 5604 Tlromas
652 5501 693 5603 (le
708 5500 952 5587 Ingaldisthorp
966 5509 1059 5569 tenet
1073 5506 1108 5568 in
1124 5502 1374 5574 wernonem
1386 5510 1534 5591 quartam
1549 5506 1571 5570 f.
1587 5526 1632 5570 m.
1648 5510 1682 5568 et
1703 5502 1774 5587 jam
1801 5504 1837 5567 in
1863 5524 1962 5569 manu

480 5608 584 5653 omrai
598 5610 696 5675 regis.

457 5813 478 5877 d
501 5724 665 5879 JAofflnes
690 5726 881 5791 Bekiswelle
908 5732 999 5792 tenet
1025 5730 1060 5794 in
1084 5732 1307 5802 Bauswnnns
1322 5732 1535 5797 medietatem
1550 5730 1572 5797 f.
1588 5752 1634 5796 m.
1650 5731 1814 5814 quondam
1829 5730 1961 5795 Ricardi

481 5833 499 5876 e
609 5834 683 5898 yne.

499 5950 592 6015 Idam
606 5948 770 6015 lohannes
786 5954 877 6015 tenet
892 5952 1015 6017 ibidem
1031 5957 1166 6019 terciam
1180 5961 1310 6039 partem
1327 5956 1351 6021 i.
1367 5978 1412 6023 m.
1429 5955 1594 6041 quondam
1608 5954 1743 6020 Roberti
1759 5956 1864 6024 Catte.
