5000 7050
1062 1093 1146 1159 al).
1172 1090 1398 1161 1284-12'85.

662 1362 668 1374 ¹
762 1384 1032 1453 vicensimmn
1055 1406 1099 1451 ns
1121 1384 1337 1453 COLLOWE
1365 1385 1491 1464 (rectius
1513 1382 1692 1462 ELLOE).

518 1541 847 1721 TmnngJohanncs
878 1572 919 1635 de
948 1572 1052 1636 Tidde
1080 1577 1170 1637 tenet
1199 1570 1413 1636 medietatem
1440 1570 1518 1635 ville
1547 1571 1588 1634 de
1619 1570 1738 1650 Tmnn,
1762 1568 1906 1633 sednon
1933 1568 1972 1631 fit

475 1678 634 1722 mencme
672 1708 680 1723 .

517 1804 677 1884 Robeitns
691 1820 732 1884 de
746 1819 916 1883 Taleshale
931 1826 965 1884 et
980 1798 1137 1885 Ricardus
1152 1821 1215 1884 Ros
1229 1828 1343 1883 tenent
1359 1821 1457 1883 aliam
1484 1820 1696 1883 medietatem
1723 1818 1871 1905 ejusdem
1897 1819 1973 1882 ville

454 1909 711 2061 Ι(111198Πῑέξὶἰέιὲιῖιέἰο
737 1908 836 1972 fratre
859 1908 985 1971 domini
1007 1910 1104 1993 regis,
1129 1914 1163 1973 ct
1189 1910 1276 1971 idam
1305 1907 1497 1971 Edmundus
1522 1909 1563 1971 de
1588 1928 1665 1992 rege
1688 1908 1741 1973 i.c.
1767 1908 1823 1972 sed
1844 1926 1910 1969 non
1932 1906 1973 1969 fit

520 2156 647 2225 Somou
664 2158 732 2243 (sic)
749 2162 783 2220 et
797 2153 1103 2223 Limon-Comes
1118 2156 1287 2220 Lincolnie
1303 2160 1393 2220 tenet
1408 2156 1500 2220 villas
1514 2155 1555 2219 ds
1573 2153 1699 2222 Somou
1714 2159 1749 2218 et
1774 2156 1908 2222 hunnos
1932 2155 1973 2219 de

474 2246 593 2308 honore
620 2244 805 2309 Lancsatrie
831 2245 872 2308 de
894 2264 969 2328 rege
990 2245 1042 2311 i.c.
1059 2242 1113 2307 sed
1128 2264 1191 2307 non
1207 2244 1246 2306 fit
1260 2245 1387 2307 mencio
1403 2250 1466 2311 etc.
1482 2243 1626 2325 exceptis
1641 2242 1732 2328 xviij.
1748 2242 1873 2305 bovatis
1888 2247 1972 2306 terre

473 2353 553 2415 quas
567 2333 654 2415 prior
668 2333 708 2395 de
723 2331 880 2416 Spalding
896 2335 986 2395 tenet
1002 2332 1042 2395 de
1056 2331 1175 2395 honore
1189 2331 1230 2395 de
1246 2331 1401 2394 Rommar
1417 2330 1458 2415 (i)
1474 2334 1608 2413 excepta
1633 2337 1699 2393 una
1726 2329 1843 2414 bovata
1870 2335 1904 2395 et
1928 2331 1973 2396 di.

474 2440 554 2503 qnae
579 2421 667 2504 prior
689 2420 731 2482 de
753 2418 931 2483 Castelacre
955 2423 1061 2497 tenet,
1075 2423 1210 2502 excepta
1224 2439 1290 2482 una
1306 2418 1421 2482 bovata
1436 2438 1535 2500 quam
1549 2417 1649 2481 abbas
1664 2416 1704 2480 de
1719 2416 1856 2499 Barling
1869 2422 1973 2490 tenet,

473 2516 507 2570 et
521 2509 665 2590 exceptis
679 2506 741 2591 iiij.
758 2506 883 2571 bovatis
899 2510 995 2585 terre,
1009 2526 1090 2590 quas
1105 2505 1267 2569 Ranulfus
1281 2506 1322 2569 de
1337 2505 1387 2588 Ry
1402 2511 1437 2568 et
1450 2504 1607 2568 Ricardna
1632 2504 1719 2567 iilius
1742 2504 1907 2567 lamberti
1932 2504 1973 2567 de

474 2594 605 2658 Multon
635 2594 750 2657 tenent
779 2592 819 2656 de
848 2592 973 2657 Thoma
1001 2592 1069 2656 filio
1099 2594 1276 2673 lamberti,
1307 2597 1342 2656 et
1370 2593 1459 2655 idem
1488 2590 1628 2655 Thomas
1665 2591 1705 2653 de
1736 2590 1901 2655 Willelmo
1931 2592 1973 2655 de

477 2676 706 2764 Hnntingield‚
720 2681 809 2771 islam
825 2679 1008 2744 Willelmus
1031 2681 1071 2743 de
1096 2680 1243 2744 Henrico'
1262 2681 1302 2744 de
1325 2680 1436 2765 Longo
1459 2677 1592 2762 Campo,
1606 2684 1640 2741 et
1654 2679 1743 2741 idem
1758 2678 1918 2742 Henricus
1931 2680 1972 2743 de

475 2789 548 2853 rege
563 2769 616 2833 i.c.
632 2790 691 2831 nec
707 2774 770 2833 etc.

518 2931 867 3000 &numm-Abba
892 2930 932 2995 de
960 2930 1135 3010 Gmlannd,
1161 2931 1278 2995 Petrus
1302 2930 1343 2995 de
1368 2930 1495 3010 Gousil‚
1523 2928 1637 2992 Simon
1662 2930 1702 2992 de
1725 2901 1974 3007 Gunstableset

474 3017 606 3085 heredes
631 3021 672 3083 de
698 3018 846 3104 Burgalli
873 3024 990 3082 tenent
1015 3018 1126 3083 villam
1152 3019 1193 3083 de
1217 3020 1403 3087 Gannnnnn
1428 3018 1469 3081 de
1492 3018 1610 3081 comite
1624 3016 1802 3092 Aumarlie,
1826 3019 1861 3079 et
1886 3016 1973 3079 idem

474 3128 581 3171 comes
596 3108 635 3171 de
650 3126 725 3191 rege
740 3108 793 3173 i.c.
809 3126 872 3171 neo
889 3112 952 3173 etc.

517 3270 826 3336 Fama—Thomas
841 3268 929 3331 filins
944 3267 1110 3331 Lamherti
1123 3267 1165 3332 de
1180 3268 1308 3332 Molton
1323 3274 1415 3333 tenet
1429 3267 1541 3332 villam
1555 3267 1597 3330 de
1611 3265 1704 3332 ann
1729 3264 1770 3329 de
1796 3265 1974 3331 Edmnndo

474 3358 573 3423 fratre
588 3359 685 3441 regis,
698 3362 732 3421 et
746 3357 836 3420 idem
850 3355 1043 3419 Edmnndus
1058 3355 1098 3419 de
1114 3376 1188 3441 rege
1203 3358 1257 3422 i.c.
1272 3376 1331 3421 nec
1345 3362 1408 3419 etc.

454 3481 460 3491 .
518 3516 897 3585 Bonnense-Thomas
923 3515 965 3580 de
990 3516 1123 3581 Multon
1146 3517 1188 3581 de
1212 3516 1392 3582 Gillesland
1417 3520 1507 3581 tenet
1529 3516 1643 3594 villam
1665 3517 1707 3581 de
1732 3516 1917 3583 Honnanns
1932 3516 1973 3580 de

474 3605 598 3670 Thoma
612 3605 681 3670 filio
699 3605 862 3669 lamberti
876 3605 917 3667 de
941 3603 1084 3684 Multon,
1110 3609 1145 3668 et
1168 3605 1258 3669 idem
1284 3605 1423 3668 Thomas
1449 3605 1491 3669 de
1513 3605 1634 3668 comite
1661 3603 1860 3682 Herefordie,
1887 3603 1973 3667 idem

474 3714 581 3758 comes
595 3694 635 3758 de
651 3693 770 3757 comite
787 3691 965 3772 Britannia,
980 3697 1015 3756 et
1029 3691 1117 3756 idem
1133 3713 1239 3757 comes
1253 3694 1295 3757 de
1310 3713 1385 3776 rege
1399 3693 1450 3758 i.c.
1467 3713 1528 3756 nec
1541 3696 1604 3758 etc.
1657 3735 1664 3750 ι

520 3854 877 3923 Sanamem—Adam
893 3853 933 3917 de
948 3854 1164 3940 Haggebeche
1178 3859 1272 3919 tenet
1286 3855 1419 3918 terciam
1435 3859 1560 3939 partem
1571 3852 1649 3917 ville
1663 3853 1705 3916 de
1719 3853 1916 3921 swocsmn
1933 3852 1974 3916 de

474 3940 645 4094 hedmegitecde
661 3941 846 4026 Gedeneye,
862 3946 896 4006 et
910 3941 967 4005 ille
983 3940 1073 4006 heres
1098 3943 1140 4006 de
1164 3943 1283 4006 comite
1310 3943 1489 4021 Aumarlie,
1511 3942 1599 4005 idem
1623 3960 1729 4004 comes
1754 3939 1794 4003 de
1818 3959 1892 4023 rege
1918 3941 1971 4006 i.c.

519 4189 702 4254 Willelmns
727 4190 900 4273 Anngevin
923 4194 959 4253 et
982 4189 1174 4254 Edmnndus
1199 4192 1240 4255 de
1267 4190 1457 4275 Swappelad
1472 4195 1587 4256 tenent
1601 4189 1639 4277 ij.
1655 4195 1820 4254 carucatas
1834 4195 1919 4254 terre
1934 4191 1974 4254 de

474 4279 613 4433 {leznzitczo
636 4278 676 4342 dc
699 4277 809 4362 Longo
832 4277 954 4361 Campo
968 4282 1003 4341 et
1017 4277 1107 4340 idem
1123 4278 1282 4343 Henricus
1296 4278 1337 4342 de
1352 4300 1428 4364 rege
1442 4280 1497 4345 i.c.
1513 4279 1554 4343 de
1568 4279 1689 4343 honore
1703 4278 1744 4342 de
1760 4277 1872 4360 (inune
1891 4280 1972 4358 (sic),
2031 4288 2045 4297 “

517 4503 703 4568 Hnnssonn
717 4507 749 4565 et
768 4501 1127 4570 salasensem—Abba
1141 4503 1181 4567 de
1197 4501 1359 4568 Orulannd
1374 4508 1467 4567 tenet
1485 4508 1625 4586 quatuor
1643 4507 1807 4566 carucatas
1828 4507 1912 4566 terre
1935 4503 1971 4565 in

474 4591 659 4657 Emona
672 4594 710 4654 et
723 4590 757 4651 in
776 4589 973 4659 Swaeennsn
988 4589 1029 4654 de
1043 4589 1163 4653 honore
1180 4591 1345 4656 Aumarlie
1360 4593 1395 4654 in
1410 4611 1526 4675 puram
1541 4590 1758 4656 elemosinam.

519 4749 915 4835 solemma-Rogerus
939 4750 1049 4814 Bacun
1076 4756 1167 4817 tenet
1194 4774 1292 4816 unam
1318 4757 1502 4817 carucatam
1524 4757 1612 4818 terre
1638 4755 1673 4816 in
1705 4752 1902 4821 swocnnm
1931 4753 1972 4816 de

472 4839 596 4902 Thoma
621 4839 662 4902 ds
686 4838 831 4917 Gillond,
852 4839 941 4902 idem
962 4837 1103 4903 Thomas
1129 4841 1170 4904 de
1196 4842 1317 4904 comite
1352 4841 1511 4918 Britanie‚
1543 4841 1633 4904 idem
1656 4862 1762 4906 comes
1786 4841 1826 4905 de
1850 4843 1970 4905 comite

473 4927 647 5006 Aumarlie,
661 4926 751 4990 idem
766 4945 871 4990 comes
884 4927 925 4990 de
939 4946 1014 5011 rega
1028 4927 1083 4994 i.c.
1099 4928 1155 4992 sed
1169 4932 1231 4992 etc.

515 5089 655 5153 Thomas
677 5088 718 5152 de
744 5087 874 5152 Multon
900 5088 942 5152 de
968 5089 1146 5155 Gillonnde
1175 5096 1269 5157 tenet
1294 5093 1339 5178 vj.
1366 5093 1610 5155 bovatas'terre
1635 5091 1672 5155 in
1701 5091 1899 5160 Swleennnn
1929 5092 1971 5155 de

471 5177 589 5242 comite
605 5175 852 5255 Richemundie,
868 5180 904 5240 et
917 5176 1006 5241 idem
1021 5197 1127 5243 comes
1142 5180 1183 5243 de
1197 5197 1275 5264 rege
1289 5180 1340 5244 i.c.
1356 5180 1412 5242 sed
1429 5186 1490 5244 etc.

515 5315 857 5404 Messon-Thomas
872 5337 960 5401 filius
975 5338 1138 5404 lamberti
1154 5341 1194 5405 ds
1209 5339 1340 5405 Multon
1355 5347 1447 5405 tenet
1458 5339 1527 5427 viij.
1543 5341 1673 5404 bovatas
1688 5346 1773 5404 terre
1788 5339 1824 5403 in
1839 5341 1917 5404 villa
1932 5341 1972 5404 de

473 5425 617 5492 Munnon
632 5426 671 5488 de
686 5426 790 5509 priore
804 5425 844 5488 de
860 5423 1039 5511 Spaldyng‚
1051 5427 1140 5490 idem
1156 5429 1244 5511 prior
1269 5429 1308 5492 de
1334 5428 1458 5491 Thoma
1484 5430 1519 5491 in
1545 5449 1660 5512 puram
1686 5428 1909 5506 elemosinam,
1937 5430 1970 5490 et

473 5513 560 5577 idem
576 5512 715 5576 Thomas
729 5511 770 5575 de
786 5531 860 5596 rege
874 5514 929 5580 i.c.
948 5513 1001 5576 sed
1017 5517 1081 5579 etc.

516 5673 806 5742 Wmmm-Prior
829 5675 868 5738 de
888 5674 1065 5762 spaldinge
1080 5682 1174 5741 tenet
1189 5679 1301 5743 villam
1315 5679 1356 5742 de
1370 5679 1514 5747 Wnsnon
1529 5677 1564 5741 in
1580 5697 1695 5760 puram
1709 5677 1919 5741 elemosinam
1932 5675 1974 5739 de

472 5763 589 5826 comite
605 5761 785 5842 Lincolnie,
799 5767 834 5826 ct
848 5782 955 5825 coines
970 5763 1009 5826 de
1025 5784 1100 5847 rege
1114 5765 1166 5832 i.c.
1180 5771 1316 5849 excepta
1330 5786 1396 5829 una
1410 5771 1572 5843 carucata,
1595 5784 1694 5850 quam
1720 5765 1859 5827 Thomas
1884 5762 1973 5825 filins

474 5849 638 5914 lamberti
651 5853 745 5914 tenet
759 5849 800 5913 de
812 5848 977 5912 Willelmo
992 5849 1032 5914 de
1046 5851 1277 5936 Huntingleld,
1293 5853 1381 5917 idem
1392 5851 1578 5916 Willelmns
1593 5852 1633 5915 de
1650 5851 1791 5914 ilenrico
1805 5849 1844 5913 dc
1859 5850 1972 5933 Longo

474 5935 604 6020 campo,
618 5941 653 5999 et
667 5935 754 6000 idem
770 5936 930 6000 Hem-icus
945 5937 986 6000 de
1000 5957 1088 6023 rege,
1105 5959 1166 6002 nec
1180 5943 1242 6004 etc.

538 6071 619 6124 19462
1857 6071 1908 6122 Η
