5000 7050
543 1084 608 1153 402
1182 1083 1403 1154 NORFOLK.

589 1372 772 1439 Willelmus
796 1372 836 1440 de
861 1374 1041 1441 Kerdeston
1063 1378 1156 1441 tenet
1180 1374 1216 1439 in
1243 1373 1402 1443 Sususou
1428 1374 1562 1438 terciam
1589 1376 1714 1457 partem
1734 1370 1763 1455 j.
1780 1372 1803 1437 i.
1820 1392 1865 1436 m.
1894 1370 1935 1435 de
1961 1371 2050 1435 dieto

545 1460 689 1527 Waltero
704 1471 739 1527 et
753 1463 842 1527 idem
858 1465 898 1527 de
914 1465 1002 1529 dieto
1018 1465 1169 1549 Hugone,
1184 1470 1219 1527 et
1234 1462 1322 1526 idem
1336 1462 1377 1525 de
1392 1463 1552 1546 episeopo,
1566 1467 1601 1525 et
1616 1462 1786 1544 episcopus
1800 1460 1840 1524 de
1854 1479 1930 1544 rege
1944 1460 1999 1525 i.o.

590 1614 751 1679 Johannes
776 1617 816 1680 de
842 1615 1054 1700 Sexlingham
1077 1619 1112 1679 et
1136 1618 1289 1679 tenentes
1316 1617 1365 1678 aui
1390 1620 1505 1679 tenent
1528 1616 1551 1701 j.
1579 1616 1603 1680 f.
1629 1636 1674 1680 m.
1698 1616 1739 1679 in
1768 1614 1985 1681 Saxumum
2010 1613 2050 1677 de

547 1703 709 1767 Willelmo
724 1705 765 1768 de
780 1703 994 1787 Suhipedane,
1009 1710 1044 1767 et
1059 1702 1147 1768 idem
1162 1702 1204 1766 de
1217 1704 1379 1786 episeopo,
1395 1709 1429 1766 et
1442 1704 1611 1787 episeopus
1626 1703 1666 1765 de
1681 1722 1755 1786 rege
1769 1703 1822 1767 ie.

550 1945 570 2008 d
591 1856 736 1959 Rogerus
750 1856 801 1920 del
816 1854 883 1919 Ehs
898 1860 932 1920 et
948 1859 1094 1920 tenentes
1110 1856 1160 1919 sui
1175 1857 1292 1917 tenent
1307 1854 1352 1919 di.
1368 1853 1391 1920 f.
1408 1874 1452 1918 m.
1477 1851 1517 1916 de
1538 1854 1655 1916 comite
1678 1852 1891 1933 Gioueestrie,
1906 1859 1941 1917 et
1962 1854 2049 1919 idem

573 1966 591 2008 e
606 1965 682 2028 rege
697 1966 751 2010 ao.

593 2077 752 2142 Radulius
767 2076 796 2140 le
811 2076 899 2159 Mey,
914 2074 1162 2140 Bartholomeus
1175 2074 1216 2138 de
1231 2075 1390 2154 Bodham‚
1405 2073 1562 2139 Ricardus
1577 2076 1616 2139 de
1630 2076 1803 2149 Thurford,
1829 2077 1975 2163 Rogems
1998 2080 2051 2144 del

550 2163 667 2230 Eshert
682 2171 797 2229 tenent
811 2166 847 2227 in
863 2164 1047 2233 umanum
1062 2164 1108 2230 di.
1123 2164 1146 2228 f.
1163 2163 1204 2227 de
1219 2164 1308 2227 dioto
1323 2163 1441 2226 comite
1457 2168 1491 2225 et
1506 2167 1658 2227 tenentes
1672 2166 1723 2227 sui
1742 2166 1824 2244 (aie),
1840 2172 1876 2229 et
1889 2187 1997 2231 eomes
2011 2168 2050 2232 de

551 2273 634 2339 rege.

595 2389 765 2475 Philippus
801 2390 841 2455 de
877 2388 1025 2475 Brugton
1063 2395 1154 2454 tenet
1184 2390 1219 2453 in
1251 2388 1461 2468 Summos,
1491 2388 1660 2469 Bararus,
1689 2394 1723 2452 et
1754 2390 1915 2459 Datame
1947 2412 2051 2457 unum

552 2480 754 2564 quarterium
770 2477 793 2545 f.
810 2498 854 2543 m.
870 2477 910 2542 de
925 2478 1014 2543 dioto
1029 2478 1159 2557 comite,
1174 2483 1210 2540 et
1223 2497 1332 2541 comes
1346 2476 1388 2540 de
1402 2495 1479 2561 rege
1494 2476 1545 2541 io.

595 2614 772 2701 Gregorius
786 2615 826 2680 de
842 2614 1031 2703 Spaldyugg
1045 2620 1136 2681 tenet
1150 2614 1186 2679 in
1201 2613 1368 2683 Wmsos
1384 2614 1448 2676 tria
1464 2613 1628 2698 quarteria
1643 2612 1666 2677 f.
1683 2632 1727 2678 m.
1744 2613 1784 2678 de
1810 2614 1898 2678 dioto
1923 2618 2053 2696 comite,

551 2707 585 2769 et
599 2724 706 2768 eomes
721 2703 763 2767 de
779 2723 855 2787 rege
870 2704 922 2769 i.e.

596 2840 711 2905 Comes
727 2840 900 2906 Glovernie
915 2844 1006 2905 tenet
1023 2841 1058 2904 in
1072 2840 1240 2908 errruou
1256 2858 1358 2902 unum
1373 2839 1572 2923 quarterium
1587 2838 1610 2903 i.
1628 2858 1672 2903 m.
1688 2839 1729 2902 de
1743 2838 1876 2903 domino
1890 2861 1976 2927 rege.

596 2978 708 3128 Simqn
723 2978 765 3041 de
780 2977 880 3043 Bosoo
896 2982 988 3041 tenet
1002 2979 1036 3041 in
1052 2977 1194 3045 Βοοῑωῑ
1209 2976 1255 3043 di.
1272 2977 1296 3044 f.
1312 2975 1354 3040 da
1370 2976 1513 3039 Haurioo
1527 2975 1640 3039 Bakon
1656 2981 1691 3040 et
1705 2977 1791 3041 idem
1813 2976 1855 3041 de
1874 2980 1994 3044 eomite
2018 2986 2053 3045 et

552 3086 658 3129 eomes
696 3085 812 3149 eroge.

596 3203 741 3267 Elimbet
754 3202 795 3265 de
810 3201 996 3286 Galethorp‚
1011 3201 1211 3284 Reginaldus
1225 3201 1267 3265 de
1281 3200 1409 3285 Reppes
1423 3205 1456 3265 et
1474 3204 1623 3265 tenentes
1638 3203 1689 3264 sui
1703 3206 1814 3266 tenent
1827 3203 1854 3287 j.
1870 3202 1894 3268 i.
1910 3204 1951 3267 de
1965 3204 2054 3271 dioto

553 3290 697 3355 Henriao
711 3299 747 3354 et
760 3291 848 3354 idem
863 3290 903 3354 de
917 3289 1006 3354 dioto
1021 3292 1140 3354 comite
1156 3296 1190 3352 et
1204 3290 1294 3353 idem
1309 3290 1350 3352 de
1364 3309 1438 3374 rege
1453 3290 1505 3353 ie
1522 3290 1557 3351 in
1573 3287 1730 3355 Barureao
1745 3296 1780 3353 et
1794 3291 2022 3360 Houuwourn.

456 3446 459 3452 ·
596 3427 760 3493 Johsnnes
783 3426 823 3491 de
848 3426 972 3491 Pouere
999 3432 1034 3491 et
1057 3432 1205 3491 tenentes
1218 3427 1272 3491 sui
1287 3431 1400 3491 tenent
1415 3427 1450 3489 in
1467 3393 1618 3494 Suoouru
1634 3431 1668 3490 et
1682 3428 1920 3495 Houuwourns
1932 3430 1959 3516 j.
1976 3433 1999 3500 f.
2015 3434 2055 3498 de

554 3515 693 3581 Roberto
708 3514 776 3580 filio
791 3515 910 3602 Rogeri
925 3520 960 3580 et
975 3515 1062 3580 idem
1078 3516 1118 3579 da
1133 3536 1209 3601 rege
1224 3515 1275 3582 io.

595 3647 712 3712 Petrus
739 3646 897 3732 Rosoelyn
924 3653 959 3711 et
983 3651 1131 3711 tenentes
1156 3649 1207 3710 sui
1233 3650 1349 3710 tenent
1368 3645 1396 3728 j.
1414 3645 1437 3709 f.
1454 3663 1498 3709 m.
1524 3645 1558 3707 in
1584 3645 1746 3712 Euersam
1774 3646 1815 3711 de
1830 3647 1972 3714 Roberto
1987 3651 2055 3718 filio

555 3735 674 3821 Rogari
689 3740 723 3798 et
739 3735 826 3799 idem
842 3737 883 3800 de
898 3755 973 3822 rege
986 3735 1039 3800 ie.

598 3873 780 3936 Willelmus
806 3871 846 3936 de
873 3872 1030 3958 Ormeaby
1056 3875 1152 3934 tenet
1175 3871 1210 3934 iu
1236 3870 1443 3936 Hruesrauu
1470 3869 1515 3934 di.
1532 3868 1556 3935 f.
1573 3869 1614 3932 da
1627 3868 1801 3935 heredibus
1815 3871 1856 3935 de
1872 3872 2006 3954 Wahill,
2020 3881 2056 3940 et

556 3961 607 4024 illi
623 3961 663 4024 de
677 3961 798 4024 comita
812 3960 996 4044 Aumarlye,
1012 3963 1045 4024 et
1060 3959 1149 4022 idem
1164 3957 1294 4042 detege
1309 3959 1362 4022 ic.

597 4097 744 4184 Rogerus
768 4097 809 4162 de
836 4096 1052 4161 Honeworthe
1078 4101 1111 4160 et
1135 4100 1285 4160 tenentes
1311 4095 1363 4157 sui
1386 4097 1502 4158 tenant
1527 4095 1563 4158 in
1579 4094 1724 4161 Bouuau
1735 4093 1762 4179 j.
1779 4095 1803 4161 f.
1820 4117 1866 4165 m.
1882 4098 1922 4162 de
1937 4096 2058 4166 honore

558 4185 704 4266 Doverie‚
721 4189 757 4248 et
770 4185 858 4248 idem
872 4185 914 4248 de
929 4204 1013 4270 rege.

599 4323 757 4388 Robertus
781 4323 821 4386 de
846 4321 1004 4407 Kellingg
1027 4325 1117 4386 tenet
1140 4323 1175 4384 in
1201 4321 1386 4387 Kusuuuuu
1412 4325 1448 4383 et
1473 4319 1603 4388 Seruus
1628 4321 1693 4384 tria
1718 4323 1882 4407 quarteria
1907 4323 1931 4389 f.
1947 4345 1992 4391 m.
2018 4326 2059 4390 de

485 4493 487 4498 Ι
556 4409 784 4582 qqiqlaiqqerqige
798 4410 973 4562 {aetinga
1000 4416 1036 4473 et
1058 4410 1144 4473 idem
1170 4409 1211 4473 de
1235 4409 1324 4473 dioto
1348 4409 1469 4472 oomite
1492 4406 1674 4487 Glosemie,
1699 4417 1734 4472 et
1763 4409 1853 4472 idem
1881 4431 1989 4476 eomes
2017 4413 2060 4478 de

602 4633 787 4698 Willeimus
806 4633 854 4696 ·de
880 4632 1043 4697 Waburne
1064 4636 1098 4696 et
1124 4636 1274 4696 tenentes
1298 4632 1351 4696 sui
1376 4635 1490 4696 tenent
1514 4631 1560 4695 di.
1575 4629 1599 4695 f.
1623 4631 1665 4693 de
1690 4629 1863 4696 heredibus
1878 4632 2003 4698 Warini
2019 4636 2060 4699 de

560 4720 799 4805 Meynewaryn,
813 4727 848 4784 at
861 4721 962 4786 iidem
978 4721 1018 4784 de
1033 4719 1151 4784 honore
1166 4719 1298 4798 Cestrie,
1315 4728 1350 4782 et
1364 4717 1467 4782 honor
1481 4719 1522 4783 de
1535 4737 1610 4803 rege
1625 4721 1679 4782 i.o.

604 4851 753 4916 Heredes
776 4850 901 4912 Warini
925 4851 965 4914 de
991 4849 1190 4936 Meyawaria
1213 4858 1332 4916 tenent
1345 4853 1382 4915 in
1397 4853 1568 4921 Waauaua
1589 4858 1624 4916 et
1640 4852 1817 4919 Reuersus
1827 4852 1854 4938 j.
1870 4854 1893 4919 f.
1909 4861 1943 4919 et
1958 4854 2003 4920 di.
2020 4855 2062 4920 de

560 4941 681 5004 honore
696 4939 830 5015 cestrie,
844 4943 878 5002 et
892 4937 994 5003 honor
1008 4941 1050 5002 de
1065 4959 1142 5025 rege
1157 4944 1289 5004 tenetur
1301 4942 1356 5004 io.

605 5077 706 5140 Lucia
722 5077 763 5139 de
778 5074 1005 5162 Brinyngham
1018 5082 1114 5142 tenet
1130 5081 1255 5142 sextam
1269 5081 1397 5162 partem
1408 5077 1436 5161 j.
1451 5076 1476 5143 f.
1492 5097 1537 5143 m.
1558 5077 1600 5142 de
1621 5075 1788 5162 Stephano
1813 5077 1854 5143 de
1879 5078 2005 5163 Estiee,
2030 5088 2066 5148 et

561 5166 651 5231 idem
665 5165 706 5228 de
720 5163 819 5227 dietis
834 5162 1019 5243 heredibus,
1034 5170 1069 5229 et
1082 5164 1184 5229 iidem
1199 5165 1239 5228 de
1254 5164 1377 5228 honore
1391 5165 1516 5230 Oestrie
1531 5170 1566 5228 et
1582 5161 1683 5228 honor
1697 5164 1738 5228 de
1753 5186 1828 5251 rege
1842 5167 1898 5233 io.

604 5314 733 5397 Agatha
758 5319 827 5378 atte
850 5313 951 5378 Howe
978 5318 1012 5378 et
1035 5313 1215 5398 peroenarii
1238 5315 1290 5378 sui
1313 5319 1429 5377 tenent
1453 5315 1490 5378 in
1507 5315 1725 5382 Sumam
1740 5334 1843 5380 unum
1858 5319 2062 5401 quarterium

562 5401 586 5468 f.
603 5423 647 5466 m.
664 5401 704 5466 de
720 5401 853 5465 Simone
869 5402 909 5465 de
925 5401 1129 5476 Butlesdeue‚
1145 5407 1178 5464 et
1193 5401 1281 5465 idem
1297 5401 1339 5464 de
1352 5421 1429 5486 rege
1444 5402 1498 5466 ie·

606 5537 746 5601 Thomas
761 5538 801 5602 de
818 5535 1068 5622 Hindryngham
1083 5541 1175 5601 tenet
1190 5558 1293 5601 unum
1308 5539 1507 5621 quarterium
1521 5536 1545 5603 f.
1562 5558 1606 5602 m.
1623 5540 1658 5602 iu
1681 5538 1872 5620 Dsuuuuou,
1896 5541 2065 5625 Bremia,

562 5628 804 5695 Bamsmoms
819 5631 853 5689 et
868 5624 1014 5691 Bmsrou
1030 5625 1070 5688 de
1084 5623 1205 5689 honore
1220 5626 1260 5689 de
1274 5625 1489 5703 Riohemund,
1504 5633 1537 5689 et
1552 5626 1651 5689 honor
1665 5625 1707 5690 da
1721 5647 1795 5712 rege
1809 5629 1864 5693 io.

605 5761 772 5827 Johauues
796 5761 837 5825 da
863 5760 994 5824 Birston
1018 5765 1111 5826 tenet
1136 5761 1180 5827 di.
1196 5761 1219 5827 r'.
1236 5783 1282 5827 m.
1310 5766 1345 5825 in
1361 5762 1507 5828 Bmsrorr
1522 5762 1563 5825 de
1579 5764 1724 5826 manerio
1738 5763 1780 5826 de
1797 5763 2015 5845 Fulmerston‚
2031 5772 2068 5832 et

564 5855 716 5914 tenentes
731 5847 858 5912 dictum
874 5849 1057 5913 manerium
1072 5849 1112 5913 de
1127 5850 1269 5914 Waltero
1284 5849 1326 5914 de
1341 5849 1506 5933 calthorp,
1522 5856 1556 5913 et
1578 5851 1667 5915 idem
1693 5850 1857 5916 Walterus
1883 5851 1924 5916 de
1946 5856 2069 5920 comite

565 5936 768 6013 Warrennie,
783 5943 818 5998 et
832 5936 919 5999 idem
933 5955 1041 6004 comes
1056 5938 1097 6002 de
1111 5957 1186 6026 rege
1200 5939 1254 6004 io.
