5000 7050
576 1065 641 1136 572
1218 1071 1440 1142 NORFOLK.
1516 1073 1520 1084 '

621 1356 761 1424 Thomas
773 1359 968 1428 'ltussebutt
981 1382 1057 1427 cum
1070 1363 1267 1447 perceneriis
1282 1370 1376 1429 tenet
1390 1365 1426 1428 in
1444 1363 1652 1432 Senecam
1666 1368 1816 1446 quartem
1840 1367 1975 1446 partem
1999 1359 2024 1426 f.
2039 1382 2079 1426 m.

575 1446 738 1531 quendem
752 1447 774 1512 J
775 1447 910 1514 ohnnnis
923 1449 985 1514 filii
1000 1449 1091 1514 Petri
1106 1450 1147 1514 de
1165 1450 1292 1518 welles.

620 1608 743 1674 Dicunt
758 1613 861 1677 eciem
871 1611 1033 1698 juratores
1046 1614 1186 1698 predicti
1200 1613 1287 1698 quod
1302 1613 1393 1678 nulle
1408 1618 1485 1678 sunt
1498 1614 1563 1678 alie
1579 1634 1715 1698 persone
1734 1614 1800 1676 eive
1825 1619 1983 1677 tenentes
2002 1611 2082 1674 inira

575 1693 782 1763 hundredum
805 1699 987 1784 predictum
1009 1703 1120 1766 seisite
1144 1701 1181 1765 in
1206 1701 1371 1766 deminico
1387 1721 1446 1766 sue
1459 1701 1638 1767 inmediete
1653 1710 1692 1766 ut
1707 1700 1866 1765 delibero
1881 1705 2083 1774 tenemento,

575 1785 663 1849 unde
676 1785 766 1850 idem
780 1807 914 1870 persone
927 1788 994 1853 sive
1009 1792 1160 1853 tenentes
1175 1789 1410 1872 possessionete
1424 1790 1583 1868 existunt,
1604 1789 1662 1874 qni
1689 1792 1805 1854 tenent
1830 1807 1888 1870 per
1914 1790 2084 1872 integrum

574 1870 706 1937 feodum
720 1875 849 1955 mititis,
864 1875 1088 1955 medietatem,
1101 1877 1238 1941 terciam
1254 1876 1306 1941 vel
1320 1881 1469 1961 quartem
1485 1883 1613 1962 partem
1628 1876 1716 1940 ieodi
1730 1875 1850 1940 militis
1866 1874 2043 1938 inclusive.

619 2033 660 2100 In
675 2035 769 2122 cujus
781 2037 830 2102 rei
843 2039 1071 2104 testimonium
1087 2039 1197 2126 sigilla
1210 2039 1374 2127 juratores
1387 2039 1529 2125 predicti
1540 2037 1618 2104 huic
1629 2037 1839 2124 inquisicieni
1850 2041 2084 2124 apposuerunt.

575 2121 699 2191 Detum
713 2123 769 2190 die
782 2123 854 2191 loeo
867 2131 904 2191 et
916 2145 1003 2191 enno
1016 2127 1223 2213 suprodiotis.

1610 2357 1629 2406 s

1110 2490 1333 2559 Hounnenuu
1355 2511 1399 2558 nn
1423 2489 1557 2559 HOLT.

618 2651 797 2737 Inquisieio
818 2657 916 2738 cepte
938 2653 1026 2738 spnd
1053 2653 1136 2718 Holt
1158 2653 1213 2718 die
1244 2654 1338 2718 Lune
1363 2655 1510 2738 proximo
1540 2661 1614 2738 post
1645 2653 1766 2718 testum
1795 2650 1909 2717 Sancti
1935 2651 2085 2716 Ber-nube

574 2738 713 2821 apostoli
727 2759 813 2803 suno
833 2740 928 2826 regni
952 2742 1040 2826 regis
1065 2739 1203 2804 Heurici
1228 2743 1313 2806 sexti
1337 2751 1411 2826 pest
1434 2746 1650 2828 conquestum
1675 2747 1767 2806 sexto
1791 2759 1899 2804 cerem
1924 2738 2085 2802 Nichelso

573 2824 704 2906 Oeten,
714 2825 864 2891 Joheune
874 2827 1016 2912 Lyniord
1031 2835 1067 2893 et
1081 2830 1179 2892 sociis
1192 2829 1261 2892 suis
1275 2828 1502 2893 collectoribus
1516 2829 1655 2893 subsidii
1669 2829 1796 2892 domini
1810 2829 1895 2913 regis
1910 2827 1947 2890 in
1964 2826 2085 2894 ultimo

573 2913 791 2997 parliamento
815 2933 873 2978 suo
896 2915 984 2998 spnd
1008 2915 1337 2980 westmonasterium
1362 2918 1399 2980 in
1424 2916 1592 3001 quindena
1617 2915 1730 2979 Sancti
1760 2914 1932 2978 Michaelis
1963 2914 2084 2978 ultimo

573 3002 733 3083 proterite
762 3007 857 3066 tento
885 3003 1028 3066 concessi
1064 3023 1121 3086 per
1156 3010 1395 3068 recrementum
1434 3005 1592 3070 Joheunis
1621 3003 1750 3088 flegon,
1787 3000 1945 3067 Johennis
1984 3001 2085 3076 Bron,

575 3085 733 3152 Johennis
762 3089 932 3169 Holtmen,
962 3090 1113 3154 Edwardi
1141 3097 1212 3155 atos
1241 3092 1359 3168 Boure,
1389 3091 1523 3156 Reberti
1552 3089 1706 3174 Bonjour,
1738 3087 1898 3154 Johnnnis
1926 3087 2084 3166 Bsrbenr,

575 3173 718 3240 Simonis
732 3175 886 3257 liversrd,
900 3174 1060 3241 Johennis
1073 3177 1194 3258 tuem,
1211 3177 1364 3242 Nichelei
1379 3177 1596 3256 Mersehmen,
1610 3177 1631 3242 J
1633 3176 1771 3240 ohsnnis
1785 3175 1905 3254 Beron,
1920 3175 2083 3240 Wiilelmi

574 3260 735 3342 Throvver,
750 3262 926 3348 Reginsldi
949 3263 1103 3349 Conpere,
1121 3263 1307 3350 juratorum
1333 3265 1375 3328 de
1397 3264 1564 3330 hundredo
1586 3265 1627 3330 de
1643 3265 1725 3329 Holt
1745 3262 1818 3352 [qui
1832 3267 1947 3328 dicunt
1965 3259 2077 3348 super]

575 3357 813 3415 nomentum
827 3372 923 3416 suum
937 3354 1028 3438 quod
1040 3373 1154 3417 omnes
1168 3373 1303 3438 persone
1317 3355 1353 3417 in
1368 3355 1433 3417 iste
1447 3354 1666 3439 inquisicione
1682 3354 1849 3416 nominate
1871 3359 1949 3414 sunt
1973 3352 2084 3414 scisite

574 3443 610 3500 et
645 3439 878 3521 possessionete
915 3449 951 3502 et
986 3460 1099 3505 eorum
1128 3441 1273 3527 quelibet
1300 3445 1352 3505 est
1381 3443 1495 3505 scisita
1525 3447 1559 3505 et
1590 3442 1829 3524 possessionste
1855 3438 1896 3502 de
1925 3440 2023 3501 terris
2052 3442 2085 3500 et

574 3527 773 3592 tenementis
786 3527 822 3591 in
837 3528 1001 3593 dominico
1015 3549 1072 3593 suo
1088 3533 1127 3593 ut
1140 3530 1181 3593 de
1195 3530 1296 3593 libere
1313 3526 1519 3617 [tenemento
1534 3550 1591 3593 suo
1606 3533 1641 3593 et
1656 3532 1773 3593 tenent
1788 3523 1860 3613 seu]
1875 3532 1970 3590 tenet
1986 3523 2084 3590 mode

574 3619 610 3679 st
623 3612 730 3678 forms
744 3616 802 3700 qui
816 3620 1008 3699 sequuntur,
1020 3616 1174 3682 videlicet
1188 3616 1276 3702 quod
1285 3641 1338 3681 :-

618 3801 793 3885 Jehennes‚
823 3804 975 3870 dominns
1004 3807 1035 3871 le
1063 3806 1160 3887 Boos,
1191 3827 1296 3890 nuper
1332 3808 1442 3871 tenuit
1470 3805 1648 3870 inmedicte
1677 3805 1719 3870 de
1748 3802 1922 3869 heredibus
1952 3803 2085 3867 comitis

576 3890 741 3957 humerlie
755 3896 959 3957 certeterres
973 3898 1008 3959 et
1021 3899 1212 3959 tenements
1226 3896 1262 3957 in
1277 3894 1374 3961 Honn
1388 3900 1422 3959 et
1438 3894 1549 3962 Onnvn
1564 3914 1626 3977 que
1642 3890 1763 3979 [nuper
1776 3890 1907 3956 inerunt
1924 3890 2085 3955 Wiilelmi

575 3978 661 4043 Reos
675 3976 746 4067 per]
767 3980 940 4045 servicium
953 3982 979 4068 j.
996 3980 1020 4047 f.
1036 4001 1083 4049 m.
1100 3987 1135 4046 et
1149 3982 1196 4047 di.
1221 3988 1257 4045 et
1278 3984 1376 4045 unius
1400 3983 1559 4067 quarterii
1584 3982 1609 4067 j.
1626 3980 1650 4046 i.
1666 4001 1712 4045 m.
1732 3999 1796 4063 que
1821 3987 1899 4043 sunt
1921 3981 1956 4043 in
1979 3996 2084 4043 menn

574 4066 701 4131 demini
715 4068 803 4151 regis
816 4069 946 4133 vecione
961 4070 1097 4133 minoris
1111 4069 1211 4133 stetis
1225 4068 1350 4134 Theme
1365 4068 1450 4133 Reos
1466 4068 1575 4133 fratris
1590 4068 1673 4133 dicti
1688 4065 1861 4134 Johsnnie.

618 4228 758 4295 Thomas
781 4230 948 4315 [huglee
964 4235 1136 4315 episeopus
1150 4230 1192 4296 de
1206 4229 1326 4297 Dorem
1344 4228 1433 4318 (sie)]
1456 4236 1489 4295 et
1504 4230 1565 4295 elii
1579 4229 1704 4295 teoffcti
1719 4235 1832 4293 tenent
1846 4229 2028 4295 inmediete
2044 4230 2084 4294 de

575 4315 748 4382 heredibus
769 4319 900 4382 comitis
914 4318 1084 4383 Anmerlie
1107 4325 1199 4384 certe
1211 4332 1316 4383 terres
1332 4322 1367 4383 et
1381 4324 1570 4384 tenemento
1583 4320 1618 4381 in
1634 4317 1781 4385 Horret
1796 4317 2085 4401 Gnurqnenuper

568 4406 707 4578 ἕιιῗιιιὲιι
731 4402 912 4470 Petronille
935 4406 979 4471 de
1003 4406 1142 4471 Nerford
1167 4427 1226 4492 per
1247 4404 1438 4494 [servicium
1457 4406 1497 4491 j.]
1520 4403 1545 4471 f.
1561 4428 1608 4472 ιιι.
1624 4412 1661 4469 et
1673 4404 1720 4470 di.
1743 4410 1777 4469 et
1803 4406 1898 4468 unius
1924 4406 2084 4488 quarterii

618 4654 779 4720 Keterins
791 4654 901 4720 Becon
916 4662 1009 4721 tenet
1023 4656 1205 4722 inmediete
1219 4659 1259 4722 de
1274 4655 1444 4723 heredibus
1460 4657 1542 4721 dicti
1557 4656 1689 4720 comitis
1698 4654 1864 4718 Aumsrlie
1879 4660 1968 4718 certe
1983 4660 2085 4719 terres

576 4748 612 4807 et
641 4748 829 4807 tenemente
858 4745 892 4807 in
921 4744 1154 4825 Lnsvuessns,
1184 4745 1292 4826 Honn,
1317 4744 1504 4811 Eecnnnrm
1535 4741 1583 4830 [et
1612 4743 1841 4822 Hennwoern,
1868 4739 1945 4828 que]
1978 4762 2084 4827 nuper

575 4831 707 4895 fuerunt
721 4829 881 4895 Johsnnis
895 4831 1026 4896 Pereres
1042 4854 1099 4917 per
1114 4834 1289 4897 servicium
1298 4832 1326 4917 j.
1342 4833 1367 4899 f.
1384 4853 1430 4899 m.

619 4993 767 5061 Heredes
788 4993 911 5058 Thome
934 4994 977 5059 de
1002 4994 1103 5062 Heles
1127 5000 1243 5060 tenent
1269 4995 1446 5060 inmediete
1470 4994 1511 5059 de
1526 4992 1661 5071 Thoms,
1674 4992 1807 5057 domino
1829 4992 1862 5056 le
1885 4992 1980 5069 Reos,
1996 4999 2084 5057 certe

576 5092 738 5147 terreret
763 5087 952 5146 tenemento
980 5080 1030 5169 [in
1056 5080 1180 5170 Herm]
1210 5076 1445 5159 henricorum,
1470 5082 1701 5161 Semineces,
1727 5081 1896 5159 strnnn,
1911 5079 2086 5157 Knnnvrvc,

576 5170 781 5238 Gmnusenn
797 5174 832 5233 et
846 5170 990 5237 Bonnsu
1005 5190 1069 5254 que
1084 5190 1187 5255 nuper
1201 5170 1338 5235 fuerunt
1354 5168 1510 5234 willelmi
1527 5170 1568 5233 de
1584 5169 1695 5247 Hales,
1713 5166 1837 5232 Thome
1865 5166 2021 5253 Ormesby
2048 5178 2083 5232 et

575 5257 735 5321 Willelmi
748 5256 779 5321 N
782 5263 876 5321 erton
890 5277 947 5340 per
962 5258 1136 5321 servicium
1151 5258 1188 5345 ij.
1204 5258 1230 5323 f.
1246 5280 1292 5323 m.

616 5418 781 5484 Johsnnes
806 5418 931 5498 Jeckes,
948 5420 1064 5499 senior,
1079 5425 1170 5486 tenet
1196 5421 1375 5484 inmediete
1399 5420 1440 5483 de
1464 5418 1640 5483 heredibus
1664 5418 1745 5481 dieti
1772 5418 1902 5481 comitis
1917 5417 2083 5481 Aumsrlic

574 5513 664 5572 certe
699 5516 801 5571 terres
837 5514 872 5572 et
907 5512 1094 5570 tenemento
1123 5509 1158 5571 in
1189 5508 1297 5585 Henn,
1328 5508 1538 5585 Huuwonun,
1568 5506 1801 5581 Lsnvueesnn,
1832 5505 2019 5571 Eeenrsnn
2048 5514 2083 5569 ct

576 5596 784 5675 senense,
799 5614 861 5679 que
875 5613 978 5678 nuper
992 5595 1126 5659 inerunt
1140 5594 1243 5659 Alicie
1259 5596 1371 5680 Hervy
1386 5614 1442 5679 per
1457 5594 1628 5659 servicium
1643 5599 1759 5675 quarte
1774 5594 1878 5675 pertis
1888 5592 1916 5675 j.
1932 5592 1958 5658 f.
1974 5612 2020 5657 ιιι.

618 5756 784 5825 Iohannes
808 5755 952 5821 Rendelf
973 5762 1064 5822 tenet
1089 5758 1267 5823 inmediute
1291 5759 1333 5822 de
1357 5758 1489 5822 domins
1505 5756 1612 5819 Alicio
1627 5754 1797 5818 Wiltshire
1817 5758 1906 5817 certe
1930 5759 2033 5819 terres
2047 5758 2081 5819 et

574 5843 990 6021 ttleffiepgtiilujhdfuussneu
1004 5866 1067 5929 que
1081 5866 1183 5929 nuper
1196 5848 1330 5911 inerunt
1342 5846 1411 5909 Ade
1424 5844 1493 5908 Sire
1508 5852 1542 5907 et
1555 5842 1695 5907 Gelbidi
1708 5840 1779 5931 Sire
1797 5838 1870 5928 [per
1885 5838 2074 5935 servicium]
