5000 7050
546 1024 611 1089 624
1188 1025 1427 1091 APPENDIX.

585 1310 658 1374 Dux
692 1312 879 1376 Isanoastrio
909 1317 1004 1378 tanat
1033 1315 1069 1377 in
1099 1313 1190 1377 villis
1219 1314 1262 1378 da
1293 1315 1412 1382 Isonuu
1445 1320 1479 1380 et
1510 1317 1676 1397 Hnannnn
1702 1319 1747 1385 di.
1777 1318 1800 1384 f.
1830 1339 1876 1386 m.
1909 1326 2067 1384 vocatum

545 1397 756 1482 Muntfyohet
770 1400 811 1464 da
826 1419 903 1484 rago
919 1402 972 1466 io.
990 1401 1146 1465 videlieet
1165 1400 1324 1482 Baounes,
1342 1407 1378 1466 et
1391 1409 1442 1466 ast
1457 1404 1493 1466 in
1509 1424 1608 1468 manu
1626 1405 1711 1490 regis
1726 1412 1790 1470 eto.

587 1535 702 1600 Comes
728 1537 909 1601 Rutlandie
936 1539 1071 1621 dejure
1100 1539 1212 1601 uxoris
1238 1558 1295 1602 sna
1323 1543 1413 1603 tenet
1435 1516 1718 1607 in⁸Csssunonavn
1745 1543 1780 1606 iu
1804 1543 1972 1608 dominico
1999 1553 2065 1611 ato.

542 1624 554 1707 j
560 1672 567 1687 .
584 1623 607 1686 f.
624 1646 669 1690 m.
687 1631 837 1688 vocatum
855 1624 1031 1689 Bauiardes
1045 1626 1087 1689 de
1103 1645 1181 1710 rege
1196 1627 1248 1691 i.c.

587 1762 681 1864 Idam
704 1784 813 1827 eomas
837 1769 901 1829 eto.
919 1769 1011 1830 tenet
1033 1765 1068 1828 in
1094 1765 1211 1829 eadem
1238 1769 1391 1848 quartam
1417 1768 1545 1849 partem
1561 1765 1584 1831 f.
1600 1787 1645 1832 m.
1661 1773 1810 1832 vocatam
1825 1768 2013 1854 Gerbergas
2027 1770 2069 1834 de

546 1870 625 1934 rege
640 1872 692 1915 1.c.

585 1986 763 2070 Episcopus
777 1987 918 2052 Norwici
934 1993 1029 2053 tenet
1044 1989 1078 2051 in
1095 1988 1263 2054 Insuounn
1275 1987 1302 2072 j.
1316 1990 1339 2051 f.
1352 2009 1397 2054 m.
1410 1993 1442 2052 et
1458 1988 1509 2074 iij.
1520 1995 1626 2074 quart.
1641 1991 1665 2076 j.
1678 1992 1700 2056 f.
1710 2012 1755 2058 m.
1765 1993 1799 2054 in
1815 1991 1982 2058 dominioo
1999 1997 2064 2060 eto.

542 2073 582 2138 da
597 2094 674 2159 rega
690 2076 858 2159 inpurum
874 2082 936 2140 eto.

585 2211 690 2274 Heres
715 2212 845 2275 comitis
870 2211 900 2276 le
921 2212 1035 2275 March
1059 2215 1153 2275 tenet
1168 2213 1204 2274 in
1219 2210 1394 2277 (insulanos
1411 2211 1438 2298 j
1457 2215 1566 2295 quart.
1578 2209 1606 2294 j.
1623 2209 1646 2276 f.
1661 2232 1707 2276 m.
1724 2218 1876 2276 vocatum
1890 2212 2064 2278 Vemones

540 2302 573 2365 fe
588 2299 629 2363 da
644 2319 718 2384 rege
735 2301 787 2364 io.
805 2304 839 2363 at
854 2304 904 2362 est
919 2300 1006 2362 infra
1020 2305 1145 2363 atatem
1161 2303 1225 2364 ets.
2033 2319 2039 2330 ·

584 2437 676 2500 Idam
707 2438 796 2500 hares
825 2442 919 2501 tanet
948 2439 983 2499 in
1015 2438 1099 2500 villis
1128 2438 1169 2500 de
1197 2437 1384 2514 Cannarum,
1417 2436 1572 2514 Tnawsn,
1599 2437 1838 2514 (insanissimis,
1860 2444 1893 2501 et
1927 2440 2061 2504 Assum

540 2525 564 2609 j.
580 2531 687 2607 quart.
704 2525 728 2609 j.
744 2525 767 2588 f.
786 2546 831 2590 m.
848 2530 998 2588 vocatum
1015 2523 1195 2588 Norffolkes
1210 2523 1241 2587 fe
1255 2525 1296 2587 de
1311 2543 1387 2607 rege
1403 2527 1456 2588 i.o.
1473 2529 1537 2586 ato.

582 2662 690 2724 Abbas
717 2661 827 2725 Sancti
856 2662 1023 2726 Edmuudi
1050 2667 1144 2726 tenet
1171 2665 1206 2724 in
1233 2662 1321 2724 villis
1348 2661 1388 2724 de
1416 2662 1645 2741 Tuonnonosn,
1661 2663 1816 2740 Tnuwuu,
1832 2667 1867 2726 at
1883 2664 2006 2730 Baoons
2024 2667 2059 2728 in

537 2750 701 2813 dominico
717 2757 779 2814 eto.
797 2758 948 2835 quartam
965 2758 1092 2834 partam
1106 2752 1131 2835 j.
1151 2751 1173 2814 f.
1191 2772 1235 2815 m.
1255 2754 1401 2812 vocatam
1420 2749 1606 2812 Falshames
1621 2748 1661 2812 de
1676 2770 1752 2834 rege
1768 2751 1820 2815 io.

582 2888 741 2951 Dominus
755 2886 896 2951 Thomas
911 2889 1104 2971 Monmbray
1120 2893 1215 2952 tenet
1229 2891 1264 2950 iu
1281 2888 1369 2951 villis
1386 2887 1425 2950 de
1442 2887 1630 2965 Munnnan
1648 2889 1771 2965 Annon,
1789 2895 1823 2952 et
1840 2889 1997 2956 Onussan
2021 2893 2056 2955 in

537 2978 697 3039 comitatu
713 2975 870 3040 Suffolkie
885 2981 1036 3060 quartam
1052 2981 1178 3059 partem
1193 2976 1216 3039 f.
1232 2997 1278 3041 m.
1296 2975 1335 3038 de
1351 2995 1426 3060 rega
1443 2980 1505 3038 eto.
1546 3013 1547 3018 κ

581 3089 675 3177 Idam
690 3113 829 3178 Thomas
844 3118 936 3178 tenet
949 3115 983 3176 in
999 3115 1191 3180 Pnnnnowu
1208 3113 1335 3177 invilla
1349 3112 1391 3178 de
1408 3115 1643 3179 Duonmsasn
1659 3113 1712 3199 iij·
1735 3114 1899 3196 quarteria
1913 3115 1937 3180 f.
1951 3135 1999 3181 m.
2013 3115 2055 3180 de

536 3223 610 3287 rega
625 3202 680 3268 Lo.
699 3208 812 3265 vocata
828 3202 1084 3286 Suenyngtonas
1099 3207 1164 3266 ato.

581 3339 675 3404 Idem
699 3339 838 3404 Thomas
863 3344 957 3404 tenet
980 3339 1015 3402 in
1031 3340 1120 3403 villis
1143 3338 1184 3403 ds
1207 3339 1428 3404 Hnumoasn
1456 3341 1492 3401 et
1509 3338 1642 3405 Sanoua
1656 3345 1715 3402 v⁸¹²¹
1732 3343 1857 3422 partem
1872 3339 1897 3424 j.
1913 3338 1936 3405 f.
1952 3359 2001 3406 m.
2019 3347 2053 3406 at

536 3427 607 3490 xl⁸¹¹¹
626 3432 751 3510 partam
765 3428 790 3513 j.
806 3427 830 3492 f.
846 3429 952 3491 vocati
966 3427 1052 3492 feodi
1067 3426 1202 3490 Roberti
1216 3426 1257 3489 de
1272 3426 1470 3510 Hedynham
1487 3431 1550 3490 eto.

581 3565 739 3629 Dominus
754 3565 891 3630 Bardolf
900 3570 935 3630 et
949 3565 1030 3629 socii
1044 3565 1106 3644 sui,
1123 3562 1247 3627 feoffati
1265 3560 1471 3626 Constantini
1494 3562 1535 3625 de
1558 3562 1700 3645 Clytium
1724 3567 1841 3627 teuent
1864 3567 2049 3629 manerium

535 3654 575 3716 de
591 3654 785 3720 Tuononosu
800 3659 950 3738 spectans
964 3652 1098 3716 baronia
1115 3651 1157 3715 de
1172 3648 1346 3714 Tateshale
1362 3649 1403 3714 da
1419 3670 1507 3733 rege,
1521 3670 1579 3733 par
1595 3650 1680 3735 quod
1695 3658 1759 3715 ato.
1775 3652 1939 3736 ignorant.

1174 3838 1513 3845 Μυκη-ᾖ*

579 3949 687 4013 Abbas
712 3949 824 4013 Sancti
848 3950 1015 4015 Edmuudi
1042 3955 1136 4015 tanet
1162 3952 1199 4014 in
1223 3950 1330 4016 Howu
1345 3950 1380 4011 iu
1395 3948 1559 4013 dominico
1575 3952 1637 4012 eto.
1652 3948 1676 4034 j.
1692 3954 1799 4031 quart.
1813 3948 1840 4032 j.
1857 3948 2048 4013 avocatam

535 4036 742 4121 Boylouudes
757 4038 796 4101 de
811 4056 885 4121 rege
900 4039 952 4103 i.o.

579 4176 756 4260 Episcopus
773 4176 912 4240 Eliensis
927 4181 1019 4241 tanat
1030 4178 1067 4239 iu
1083 4176 1205 4242 Banna
1220 4176 1254 4240 in
1271 4174 1434 4238 dominico
1449 4176 1512 4238 eto.
1529 4171 1554 4259 j.
1571 4174 1595 4238 f.
1611 4194 1657 4238 m.
1673 4176 1825 4236 vocatum
1842 4172 1994 4257 Hngonia
2014 4174 2047 4238 le

536 4263 634 4326 Vartz
653 4266 716 4341 (ie.
732 4264 826 4343 Vera)
846 4265 885 4327 de
900 4284 973 4349 rege
988 4265 1045 4330 i.o.

579 4400 680 4464 Heres
709 4403 840 4465 comitis
870 4403 900 4466 le
925 4400 1040 4466 March
1061 4406 1153 4465 tanet
1175 4402 1211 4463 in
1233 4402 1344 4465 Asson
1367 4400 1401 4461 in
1424 4398 1586 4461 dominico
1615 4402 1678 4463 ato.
1702 4397 1747 4461 di.
1771 4398 1795 4463 f.
1820 4420 1866 4463 m.
1890 4402 2045 4463 vocatum

534 4487 686 4552 Rokelles
703 4490 743 4553 de
758 4510 834 4574 rege
850 4492 902 4556 i.c.
919 4496 983 4555 eto.
1003 4496 1051 4569 (aa
1067 4491 1195 4573 before).

578 4627 669 4690 Idem
691 4626 782 4692 heres
803 4632 897 4692 taust
918 4630 953 4691 in
977 4629 1195 4693 Hannonis
1220 4626 1254 4686 in
1278 4623 1442 4687 dominico
1464 4626 1525 4686 ato.
1545 4621 1572 4707 j.
1590 4622 1612 4687 f.
1629 4614 1675 4688 mss
1692 4626 1842 4706 spectans
1864 4619 1981 4685 honori
2003 4624 2046 4689 da

534 4712 626 4777 Clare
640 4715 681 4777 de
697 4736 774 4800 rege
789 4716 842 4781 io.
860 4723 923 4781 ato.

576 4850 735 4915 Dominus
764 4851 900 4916 Bardolf
918 4856 1014 4916 tenet
1043 4852 1078 4914 iu
1108 4854 1361 4917 Rsvununonan
1390 4846 1425 4908 in
1455 4845 1618 4909 dominico
1648 4850 1711 4910 eto.
1738 4844 1766 4928 j.
1798 4848 1905 4929 quart.
1938 4846 1963 4910 f.
1994 4867 2041 4913 m.

533 4945 684 5002 vocatum
699 4940 807 5025 Bagys
823 4941 863 5004 da
879 4959 954 5024 rege
969 4941 1023 5003 i.c.

576 5072 691 5137 Comes
705 5072 896 5153 Rutlandie,
911 5078 974 5139 eto.
991 5077 1085 5138 tenet
1099 5073 1134 5135 in
1150 5070 1404 5137 Rsvnuunonsn
1419 5070 1454 5131 in
1469 5068 1631 5132 dominico
1653 5071 1715 5132 ato.
1732 5066 1758 5154 j.
1775 5066 1798 5132 f.
1821 5086 1865 5133 m.
1888 5070 2040 5131 vooatum

533 5158 687 5225 Castalles
701 5161 742 5226 de
757 5182 833 5247 rege
848 5163 901 5227 i.o.

533 5296 690 5449 dComeq
713 5299 886 5363 Warennia
908 5303 1002 5364 tenet
1022 5298 1058 5361 iu
1080 5294 1193 5361 andem
1215 5298 1250 5358 in
1272 5294 1435 5357 dominico
1457 5299 1519 5357 eto.
1536 5290 1582 5357 di.
1599 5290 1624 5359 f.
1642 5313 1687 5357 m.
1704 5296 1856 5355 vocatum
1880 5288 2040 5356 Castellas

556 5407 575 5451 a
588 5406 663 5470 rege
677 5408 733 5451 ac.

576 5521 689 5588 Comes
704 5520 894 5604 Rutlandia‚
910 5528 974 5589 eto.
989 5526 1083 5587 tonat
1096 5522 1132 5584 iu
1148 5520 1264 5585 eadem
1279 5521 1314 5583 in
1330 5518 1493 5583 dominico
1508 5522 1573 5583 ets.
1589 5520 1623 5581 et
1638 5516 1673 5579 iu
1690 5515 1850 5582 Kuamu
1857 5516 1886 5599 j.
1903 5514 1926 5581 s.
1938 5537 1984 5581 m.
1997 5516 2039 5579 da

531 5631 608 5697 rege
623 5614 678 5677 i.o.
694 5618 729 5675 at
743 5617 877 5675 vooatur
891 5610 1017 5674 abbatis
1032 5611 1073 5673 de
1088 5608 1245 5693 Langlee.

575 5746 734 5811 Dominus
765 5747 904 5809 Thomas
936 5744 1129 5829 Moumbray
1160 5749 1254 5808 tanat
1283 5746 1319 5806 in
1353 5742 1470 5807 Louna
1495 5741 1532 5803 iu
1554 5739 1718 5804 domiuioo
1740 5745 1803 5802 ato.
1823 5738 1860 5823 ij.
1883 5737 1906 5801 s.
1931 5758 1977 5803 m.
2000 5744 2037 5803 et

531 5843 609 5901 ux⁸¹1²
632 5845 759 5920 partem
780 5835 805 5921 j.
829 5834 852 5898 f.
875 5855 921 5898 m.
945 5834 986 5896 de
1007 5852 1082 5917 roge
1102 5836 1156 5896 i.o.
1180 5838 1243 5896 eto.
1280 5830 1366 5894 undo
1396 5827 1560 5893 Johaunes
1592 5824 1795 5910 Kyrksstoda
1828 5828 1922 5888 tanet
1955 5825 2037 5889 duas

532 5928 639 6006 partes
653 5942 712 6006 pro
728 5922 821 5987 faodo
837 5940 895 5983 suo
909 5940 1073 5985 noncessas
1088 5920 1129 5983 da
1144 5920 1265 5983 uomita
1280 5916 1482 5995 Maresuallo,
1496 5914 1538 5978 ad
1553 5915 1729 5980 totminum
1744 5913 1812 5979 vise
1828 5931 1895 5976 sna.
