5000 7050
586 1065 629 1128 96
1202 1062 1475 1131 insensiles.

584 1351 749 1435 Reduiphi
779 1353 819 1415 de
849 1352 1061 1435 Prestvyche,
1091 1352 1223 1417 Roberti
1254 1353 1294 1416 de
1319 1352 1608 1437 Longley,'Jacobi
1633 1353 1674 1414 de
1704 1352 1832 1431 Hulme,
1849 1352 2018 1415 Edmundi
2047 1351 2085 1413 de

586 1440 781 1521 Workesley,
796 1440 948 1503 Bemardi
964 1443 1003 1503 de
1020 1440 1232 1521 Botervorth,
1253 1442 1398 1523 Hugonis
1414 1440 1453 1502 de
1470 1438 1616 1522 Cleyton,
1634 1439 1799 1503 Cristoieri
1815 1442 1854 1503 de
1883 1436 2084 1523 Kirkshsgh,

585 1528 656 1588 Elio
673 1528 725 1588 del
742 1528 834 1605 Hull,
852 1528 1016 1591 Cristoferi
1031 1529 1086 1591 del
1100 1528 1193 1608 Holt,
1217 1534 1252 1591 et
1274 1527 1440 1611 Radulphi
1466 1528 1506 1589 de
1532 1526 1745 1607 Boterworth,
1764 1530 1820 1611 qui
1846 1528 1960 1590 dicunt
1988 1547 2085 1610 snper

585 1621 823 1677 sacramentum
840 1636 935 1679 suum
950 1617 1036 1700 quod
1047 1638 1100 1678 :-

628 1726 790 1790 iohannes
816 1728 856 1790 de
882 1727 1022 1810 declyi
1043 1728 1083 1792 de
1107 1727 1273 1806 Erdesale,
1298 1728 1337 1791 de
1361 1728 1520 1789 comitatu
1546 1726 1740 1805 Irsncsstrie‚
1763 1727 1868 1803 miles,
1883 1727 1935 1789 die
1952 1727 2085 1789 Veneris

584 1816 729 1895 proximo
744 1820 821 1877 ante
836 1816 958 1877 festum
974 1816 1084 1879 Sancti
1101 1815 1234 1879 Hiilerii
1249 1815 1403 1897 predictis
1418 1814 1522 1877 literis
1538 1813 1734 1897 specificato,
1750 1814 1816 1877 fuit
1831 1814 1916 1877 solus
1945 1814 2084 1889 seisitns,

583 1902 618 1962 in
645 1902 807 1964 dominico
831 1923 899 1981 suo,
924 1910 962 1965 ut
987 1904 1028 1966 de
1043 1902 1148 1979 feodo,
1163 1904 1203 1965 de
1218 1905 1363 1966 manerio
1378 1903 1417 1965 de
1433 1903 1612 1967 Esunsann
1628 1923 1703 1965 cum
1718 1902 1939 1985 pertinenciis,
1952 1909 1984 1964 et
2002 1900 2083 1963 illud

583 1988 670 2051 idem
700 1991 880 2053 manerium
910 2011 983 2052 cum
1013 1992 1224 2074 pertinenciis
1255 1991 1361 2053 tenuit
1392 1991 1431 2052 de
1460 1990 1591 2052 domino
1624 2010 1709 2073 rege,
1739 2000 1776 2052 ut
1807 1990 1845 2052 de
1875 1990 1997 2051 ducatu
2028 2010 2083 2051 sno

587 2076 782 2154 lancastrie,
797 2098 855 2161 per
869 2079 1040 2140 servicium
1055 2084 1144 2141 sexte
1159 2079 1261 2161 partis
1276 2098 1331 2142 un.
1349 2078 1372 2142 f.
1389 2098 1433 2139 m.
2005 2082 2013 2095 ”

627 2187 791 2251 Johannes
815 2191 856 2253 de
880 2189 1092 2273 Pilkyngton‚
1119 2192 1160 2254 de
1187 2190 1395 2275 Pylkyugton
1423 2190 1456 2252 in
1482 2189 1642 2252 comitatu
1669 2190 1867 2269 Leucastrie,
1896 2190 2001 2269 miles,
2020 2190 2083 2251 fuit

584 2276 670 2339 solus
685 2278 815 2339 seisitns
829 2286 891 2342 etc.
908 2278 949 2340 de
966 2280 1108 2341 manerio
1124 2279 1165 2341 de
1182 2279 1278 2343 Bunr
1293 2298 1366 2341 cnm
1383 2278 1603 2360 pertinenciis,
1631 2277 1716 2360 quod
1740 2278 1873 2360 quidem
1900 2279 2081 2339 manerium

584 2384 659 2426 cum
682 2366 891 2446 pertinenciis
915 2366 1080 2447 predictus
1105 2365 1269 2429 Johsunes
1295 2366 1334 2429 de
1368 2365 1567 2451 Pilkyngtou
1599 2366 1709 2427 tenuit
1738 2386 1794 2448 per
1823 2366 1995 2429 servicium
2025 2385 2080 2430 un.

583 2453 704 2536 integri
720 2452 743 2517 f.
760 2472 805 2517 m.

628 2564 784 2627 Ricardus
818 2565 859 2627 de
887 2564 1019 2643 Barton,
1045 2566 1085 2628 de
1111 2565 1273 2629 Midelton
1297 2567 1331 2628 in
1358 2566 1517 2629 comitatu
1546 2564 1705 2649 predicto,
1729 2567 1878 2649 armiger,
1904 2566 1965 2628 fuit
1999 2566 2082 2628 solus

584 2653 714 2715 seisitns
730 2659 793 2719 etc.
808 2653 850 2715 de
865 2655 1008 2717 manerio
1023 2654 1062 2716 de
1079 2654 1257 2718 Mrnnnrorv
1273 2674 1348 2715 curn
1374 2654 1591 2736 pertinenciis,
1618 2658 1653 2715 et
1676 2653 1758 2716 illud
1784 2654 1872 2716 idem
1899 2655 2080 2716 manerium

584 2760 659 2801 cum
696 2741 918 2822 pertinenciis
936 2743 1042 2804 tenuit
1073 2742 1114 2804 de
1143 2742 1275 2803 domino
1304 2762 1389 2824 rege,
1421 2746 1459 2803 ut
1488 2741 1529 2803 de
1558 2741 1681 2803 ducatu
1712 2760 1767 2803 suo
1798 2740 1994 2818 Leucastrie,
2028 2762 2082 2823 per

586 2828 757 2889 servicium
771 2848 816 2891 un
832 2830 953 2913 integri
969 2830 992 2893 s.
1009 2850 1054 2893 m.

628 2937 794 3001 Johaunes
817 2940 858 3002 de
885 2938 1024 3023 Redclyf
1047 2940 1087 3003 de
1110 2937 1305 3019 Ohaderton,
1332 2941 1373 3003 de
1397 2942 1556 3003 comitatu
1586 2940 1742 3023 predicto,
1770 2939 1874 3017 miles,
1904 2940 1969 3002 suit
1999 2941 2082 3003 solus

584 3027 713 3088 seieitus
728 3033 791 3092 etc.
807 3026 847 3089 de
861 3028 1006 3091 manerio
1021 3028 1062 3091 de
1078 3028 1279 3094 Ouannsrou
1294 3048 1369 3090 cum
1384 3027 1603 3111 pertinenciis,
1618 3036 1653 3089 et
1678 3027 1760 3090 illud
1785 3027 1874 3090 idem
1900 3030 2080 3090 manerium

583 3133 658 3176 cum
683 3115 891 3195 pertinenciis
916 3114 1002 3179 idem
1027 3114 1191 3177 Johsnnes
1215 3118 1322 3181 tenuit
1349 3116 1389 3178 de
1414 3115 1591 3179 Edmundo
1616 3116 1656 3178 de
1679 3114 1834 3193 Trafford‚
1860 3114 2012 3192 chiveier,
2026 3136 2082 3198 per

585 3202 756 3263 servicium
771 3208 884 3284 quarte
899 3204 1000 3285 partis
1015 3223 1071 3268 uu.
1087 3203 1111 3267 f.
1127 3223 1171 3265 m.

628 3311 784 3374 Robertus
809 3313 850 3375 de
877 3313 1023 3396 Longley
1047 3314 1086 3377 de
1113 3313 1311 3395 Penulbury,
1338 3316 1379 3376 de
1406 3314 1564 3377 comitatu
1581 3314 1739 3396 predicto,
1755 3317 1904 3398 armiger,
1919 3315 1984 3377 fuit
1999 3314 2081 3375 solus

583 3400 713 3461 seisitns
750 3405 813 3464 etc.
852 3401 892 3463 de
920 3421 985 3463 uno
1015 3404 1179 3485 mesuagio
1207 3404 1243 3464 in
1276 3402 1427 3468 Sauronn
1457 3422 1530 3463 curn
1562 3404 1783 3485 pertinenciis,
1818 3418 1851 3465 et
1881 3402 1962 3465 illud
1993 3402 2079 3464 idem

583 3489 787 3572 mesnagium
802 3509 877 3551 cum
893 3489 1105 3573 pertinenciis
1120 3489 1209 3553 idem
1225 3488 1385 3552 Robertus
1401 3490 1510 3552 tenuit
1526 3489 1567 3552 de
1594 3489 1684 3552 dicto
1709 3490 1839 3552 domino
1867 3510 1952 3574 rege,
1981 3498 2017 3552 ut
2044 3490 2082 3551 de

581 3576 704 3638 ducatu
719 3596 779 3638 suo
796 3578 984 3640 iraucsstrie
1000 3598 1057 3660 per
1072 3579 1245 3640 servicium
1262 3579 1514 3661 quadragesime
1530 3579 1632 3661 partis
1648 3599 1703 3643 un.
1721 3577 1745 3643 f.
1763 3599 1807 3642 m.

626 3688 773 3772 Rogerus
786 3689 828 3751 de
843 3688 972 3768 Bclton‚
989 3690 1031 3752 de
1047 3690 1151 3752 Parva
1168 3690 1285 3752 Boltou
1300 3691 1335 3751 in
1351 3691 1507 3778 comitatu
1524 3691 1683 3773 predicto,
1700 3689 1894 3774 gentilmau‚
1910 3688 1975 3752 fuit
1998 3690 2082 3752 solus

584 3778 717 3839 seisitns
748 3785 813 3841 etc.
844 3779 886 3840 de
917 3779 1062 3840 manerio
1090 3777 1131 3840 de
1164 3779 1273 3842 Paeva
1303 3778 1435 3842 Bouron
1465 3799 1539 3840 curn
1572 3779 1793 3860 pertinenciis,
1825 3778 1911 3860 quod
1947 3778 2081 3860 quidem

584 3867 764 3927 manerium
793 3886 868 3928 cum
893 3865 1106 3948 pertinenciis
1132 3866 1221 3927 idem
1246 3865 1392 3947 Rogerus
1416 3867 1526 3928 tenuit
1549 3866 1590 3927 de
1617 3865 1707 3928 dicto
1732 3866 1863 3928 domino
1885 3885 1971 3949 rege,
1987 3871 2025 3928 ut
2041 3866 2080 3927 de

583 3953 706 4015 ducatu
720 3973 777 4015 suo
793 3954 992 4032 Laueastrie,
1008 3974 1064 4034 per
1079 3953 1252 4016 servicium
1268 3958 1357 4014 sexte
1372 3954 1498 4015 decime
1513 3955 1616 4035 pertis
1632 3973 1685 4016 un.
1704 3953 1726 4018 f.
1743 3975 1787 4019 m.

628 4064 829 4150 Reginaldus
858 4066 962 4143 West,
990 4067 1141 4129 dominus
1178 4067 1209 4129 le
1248 4065 1369 4143 Wsrre,
1409 4087 1510 4148 nuper
1546 4067 1587 4128 de
1624 4065 1818 4148 Svryneshed
1856 4067 1890 4127 in
1921 4069 2082 4129 comitatu

585 4153 763 4230 Liucolnie‚
778 4153 843 4216 suit
858 4154 943 4217 solus
958 4156 1089 4217 seisitns
1105 4161 1169 4218 etc.
1183 4154 1223 4216 de
1239 4155 1384 4216 manerio
1399 4155 1440 4216 de
1456 4154 1696 4220 Mrrvrouusrrrn
1711 4175 1784 4216 cum
1806 4155 2029 4238 pertinenciis,
2047 4161 2082 4217 et

582 4241 665 4303 iilud
681 4241 767 4304 idem
781 4243 961 4304 manerium
975 4262 1051 4304 cum
1066 4242 1277 4324 pertinenciis
1294 4243 1402 4304 tenuit
1416 4242 1457 4304 de
1473 4242 1561 4304 dicto
1576 4242 1710 4304 domino
1725 4262 1811 4326 rege,
1835 4247 1873 4305 ut
1897 4241 1937 4305 de
1962 4241 2082 4304 ducatu

584 4329 739 4411 predicto,
756 4349 814 4412 per
828 4329 1002 4392 servicium
1018 4328 1157 4392 duorum
1174 4330 1195 4390 f.
1211 4349 1256 4392 m.

628 4437 821 4523 Radulphus
834 4440 876 4502 de
891 4441 1069 4524 Longiord,
1083 4441 1123 4504 de
1140 4439 1369 4524 Wythyngton
1385 4442 1418 4502 in
1436 4442 1597 4503 comitatu
1612 4440 1770 4525 predicto,
1785 4441 1889 4520 miles,
1913 4439 1977 4503 suit
1999 4441 2083 4504 solus

583 4529 714 4590 seisitns
728 4536 789 4590 etc.
805 4528 847 4589 de
864 4530 1007 4591 manerio
1022 4529 1063 4592 de
1079 4530 1314 4596 ernrucrorv
1330 4549 1404 4591 cum
1420 4530 1642 4611 pertinenciis,
1657 4529 1743 4612 quod
1758 4529 1888 4612 quidem
1904 4530 2080 4590 manerium

583 4636 658 4717 cum
684 4616 897 4764 pefrtineuciis
923 4617 1011 4679 idem
1038 4617 1230 4698 Radulphus
1253 4618 1364 4680 tenuit
1386 4617 1425 4678 de
1442 4617 1576 4678 domino
1591 4618 1623 4678 la
1638 4615 1750 4679 Werre
1765 4637 1822 4699 per
1838 4616 2010 4679 servicium
2029 4637 2081 4678 un.

584 4709 705 4787 mtegrr
738 4723 807 4768 .m.

626 4815 796 4878 Predictus
811 4815 974 4878 Johannes
989 4816 1029 4879 de
1045 4816 1257 4900 Pilkyngton‚
1273 4817 1379 4897 miles,
1398 4815 1461 4879 fuit
1477 4817 1563 4879 solus
1579 4818 1711 4879 seisitns
1727 4820 1791 4881 etc.
1815 4815 1854 4880 de
1877 4816 2020 4878 manerio
2043 4815 2083 4878 de

584 4905 796 4969 Prnrrvuoron
821 4924 896 4965 cum
919 4906 1142 4987 pertinenciis,
1170 4911 1205 4966 et
1229 4904 1311 4966 illud
1335 4905 1426 4968 idem
1453 4906 1633 4967 manerium
1661 4925 1734 4966 eum
1763 4903 1971 4986 pertinenciis
1995 4903 2081 4966 idem

583 4989 748 5055 Johannes
763 4992 875 5054 tenuit
888 4993 930 5054 de
945 4991 1077 5055 domino
1093 4992 1124 5053 la
1140 4993 1251 5054 Warre
1266 5013 1323 5075 per
1339 4993 1511 5054 servicium
1526 4992 1570 5054 di.
1586 4990 1611 5054 f.
1627 5012 1670 5054 m.

628 5103 799 5181 Henricus,
812 5104 1066 5188 archiepiscopus
1082 5104 1321 5180 Csutuarensis‚
1335 5105 1374 5168 de
1390 5106 1546 5167 comitatu
1570 5105 1702 5184 Kaneie‚
1729 5095 1892 5166 Henricus
1915 5104 2083 5186 episcopus

588 5192 834 5274 Wyntoniensis,
848 5194 888 5256 de
904 5195 1060 5254 comitatu
1076 5193 1334 5274 Sirthamptonie,
1352 5191 1457 5254 etalii
1475 5193 1579 5254 seisiti
1596 5192 1794 5275 conjunctim
1809 5191 1933 5253 feoffsti
1959 5191 2082 5253 domini

583 5281 729 5358 Henrici,
753 5301 856 5362 nuper
879 5281 964 5364 regis
989 5279 1106 5362 Angiie
1130 5280 1249 5361 quinti,
1265 5280 1306 5341 de
1331 5279 1475 5342 dominio
1501 5279 1542 5342 de
1558 5279 1753 5343 Cliderhowe
1770 5299 1844 5341 cum
1860 5279 2083 5362 pertinenciis,

583 5369 713 5429 fuerunt
729 5367 927 5448 conjunctim
944 5369 1047 5428 seisiti
1062 5376 1124 5431 etc.
1141 5369 1181 5429 de
1197 5369 1342 5429 manerio
1357 5367 1397 5429 de
1415 5369 1609 5432 Torrrvesou
1626 5388 1700 5428 cum
1716 5367 1935 5449 pertinenciis,
1952 5373 1983 5430 et
1999 5365 2082 5428 iliud

581 5455 668 5517 idem
685 5455 864 5516 manerium
880 5474 954 5516 cum
969 5454 1182 5536 pertinenciis
1199 5459 1374 5518 tennerunt
1392 5475 1447 5538 per
1464 5456 1632 5518 servicium
1648 5456 1762 5538 quinte
1778 5455 1879 5536 partis
1894 5474 1949 5520 un.
1967 5454 1990 5519 f.
2007 5475 2051 5516 m.

628 5567 710 5628 Item
733 5566 846 5628 dicunt
866 5563 1029 5648 juratores
1052 5567 1190 5648 predicti
1213 5565 1299 5648 quod
1326 5587 1389 5628 uon
1415 5571 1491 5628 sunt
1516 5565 1623 5650 alique
1648 5586 1783 5648 persone
1814 5565 1998 5648 spirituales
2024 5573 2080 5628 aut

578 5653 770 5825 Zpgpppales
800 5654 885 5714 infra
915 5654 1193 5734 wappeutachium
1222 5654 1263 5715 de
1294 5653 1517 5732 Salfordshire,
1548 5675 1611 5737 que
1643 5654 1753 5716 seisite
1784 5653 1917 5716 fuerunt
1944 5657 2013 5730 (ete.
2044 5677 2079 5718 as

628 5850 667 5913 In
681 5849 774 5932 cnjus
788 5851 835 5912 rei
851 5850 1087 5930 testimouium,
1104 5858 1169 5917 etc.

1063 6006 1665 6018 -μψ--Ἣ
