5000 7050
569 1097 633 1168 cel
1211 1097 1433 1170 NORFOLK.

620 1385 834 1478 [Joheunes]‚
858 1388 925 1456 dux
953 1387 1133 1470 Noriollrie,
1159 1397 1195 1456 et
1217 1392 1401 1462 Willelmus
1427 1391 1555 1477 Droury
1577 1397 1695 1458 tenent
1719 1393 1754 1456 in
1784 1391 1944 1460 Brsrmnn
1977 1409 2080 1456 unum

568 1480 767 1582 quemdum
790 1481 814 1545 f.
841 1501 887 1546 m.
901 1478 999 1581 'quod
1028 1477 1148 1653 φρει
1172 1480 1238 1544 fuit
1262 1481 1419 1547 Johsnnis
1443 1481 1583 1566 Segrsve
1612 1487 1647 1545 et
1673 1479 1830 1550 willelmi
1860 1479 2080 1557 Merkishele,

570 1567 751 1630 rnmedrate
765 1567 807 1630 de
820 1567 953 1631 domino
967 1587 1042 1652 rege
1067 1615 1076 1632 .

609 1729 792 1799 Willelmus
830 1730 1043 1816 Byllyngford
1077 1752 1154 1797 cum
1191 1733 1259 1795 suis
1295 1729 1487 1797 tenentibus
1523 1736 1616 1796 tenet
1654 1733 1689 1795 in
1727 1731 1930 1798 Yenvnerou
1975 1750 2081 1793 unum

566 1818 767 1901 quarterium
789 1815 829 1905 [f.
844 1839 889 1884 m.
904 1820 992 1903 quod
1005 1839 1110 1904 nuper
1123 1821 1189 1883 fuit
1204 1820 1226 1886 J
1227 1819 1365 1884 ohannis
1379 1819 1419 1882 de
1435 1817 1590 1900 Norwico‚
1608 1819 1787 1884 inmediete
1808 1819 1849 1882 de
1877 1815 2074 1905 heredibus]

568 1904 735 1970 deundi
751 1905 827 1990 Syrr
841 1912 877 1970 et
892 1905 1012 1992 Rogeri
1027 1906 1196 1992 sturmyn.

611 2065 733 2131 Dicunt
749 2070 853 2133 eciem
866 2067 1025 2153 juratores
1038 2069 1178 2153 predicti
1190 2069 1278 2154 quod
1292 2068 1382 2132 nulle
1398 2075 1477 2133 sunt
1490 2069 1553 2133 elie
1568 2090 1705 2154 persone
1738 2071 1805 2133 sive
1820 2071 1974 2134 tenentes
1992 2067 2082 2134 inire

567 2152 775 2220 hundredum
799 2156 981 2240 predictum
1007 2158 1118 2222 seisite
1139 2158 1175 2222 in
1198 2154 1377 2243 dominico]
1400 2176 1458 2221 sno
1481 2163 1520 2221 ut
1546 2155 1603 2246 [de
1627 2157 1730 2222 libero
1767 2163 1965 2220 tenemento
1992 2158 2081 2220 uude

567 2243 668 2307 iidem
698 2263 831 2328 persone
862 2245 930 2308 sive
961 2250 1110 2309 tenentes
1138 2246 1373 2329 possessionute
1399 2245 1561 2322 existunt,
1586 2246 1644 2329 qui
1674 2251 1788 2309 teuent
1818 2264 1875 2328 per
1902 2245 2080 2328 integrum

569 2331 700 2395 feodum
715 2331 844 2410 militis,
858 2331 1079 2410 medietatem,
1093 2334 1229 2398 terciam
1244 2331 1295 2396 vel
1309 2337 1461 2417 quartem
1482 2328 1644 2420 [partem]
1666 2332 1753 2396 feodi
1768 2331 1887 2395 militis
1902 2331 2080 2396 inclusive.

612 2484 653 2550 In
682 2485 778 2571 cujus
804 2487 854 2552 rei
881 2485 1108 2552 testimonium
1142 2484 1305 2571 juratores
1341 2483 1483 2567 predicti
1519 2481 1598 2546 huic
1628 2485 1836 2571 inquisicioui
1872 2484 1988 2570 sigilla
2020 2505 2079 2548 sue

569 2584 798 2661 opposuerunt.
842 2573 966 2640 Datum
1011 2617 1411 2640 ........
1455 2571 1622 2655 predictis.

1079 2913 1302 2982 Huunnnouu
1324 2933 1370 2981 ns
1394 2911 1558 2981 LODNE.

612 3073 790 3162 Inquisicio
812 3080 909 3159 euple
931 3072 1018 3159 opud
1042 3072 1153 3138 Iodne
1167 3073 1221 3136 die
1235 3071 1392 3138 Mercurii
1408 3075 1555 3156 proximo
1568 3077 1646 3139 ente
1660 3073 1781 3138 festum
1796 3073 1908 3138 Sancti
1923 3073 2078 3140 Bnrnebe

567 3163 706 3247 apostoli
729 3183 815 3226 enno
838 3160 935 3246 regni
958 3162 1043 3245 regis
1066 3161 1204 3228 Henrici
1229 3162 1312 3224 sexti
1334 3166 1409 3244 post
1432 3167 1648 3246 conquestum
1671 3169 1763 3225 sexto
1788 3181 1896 3226 eorem
1910 3160 2078 3226 Nicholno

568 3250 701 3329 castell,
715 3251 737 3318 J
738 3251 862 3314 ohanne
878 3249 1028 3333 Glipesby
1041 3255 1075 3312 et
1090 3249 1185 3312 sociis
1200 3247 1269 3311 suis
1283 3247 1350 3311 suis
1365 3247 1590 3312 collectoribus
1613 3249 1748 3312 subsidii
1775 3249 1898 3313 domini
1924 3251 2012 3335 regis
2039 3251 2076 3314 in

568 3339 728 3403 comitutu
751 3335 919 3400 Norfolkie
940 3338 975 3399 in
999 3335 1118 3400 ultimo
1132 3335 1327 3420 parliameto
1342 3355 1400 3398 suo
1414 3335 1501 3419 apud
1515 3335 1838 3405 westmonasterium
1853 3337 1889 3399 in
1904 3336 2076 3422 quindena

569 3425 681 3489 Seucti
696 3424 868 3488 Michaelis
882 3423 1001 3488 ultimo
1014 3423 1173 3506 preterito
1188 3429 1280 3486 tento
1294 3424 1437 3486 concessi
1451 3443 1510 3506 per
1524 3429 1764 3488 sacromentum
1777 3421 1946 3488 Benedicti
1957 3423 2073 3508 Wyot,

568 3513 708 3579 Dionisii
726 3512 844 3593 Willes,
860 3511 996 3575 Roberti
1010 3511 1117 3588 Lowe,
1131 3509 1289 3578 Johsnnis
1304 3509 1442 3590 Debere,
1459 3511 1479 3578 J
1480 3509 1618 3576 ohennis
1641 3509 1738 3590 Kese,
1767 3509 1927 3579 Johunnis
1951 3509 2074 3591 Boron,

569 3600 727 3669 Johannis
750 3601 880 3678 Hoxue,
906 3598 1082 3684 Regineldi
1103 3598 1255 3676 Bathea,
1280 3596 1437 3665 Johsnnis
1463 3599 1569 3680 Josse,
1593 3599 1749 3663 Willelmi
1777 3599 1892 3678 welle,
1907 3597 2074 3666 Johennis

568 3690 721 3774 Smythes
735 3693 770 3751 et
784 3686 943 3755 Willelmi
958 3686 1111 3771 Bodleye
1121 3686 1316 3770 juratum,
1332 3686 1388 3771 qui
1404 3685 1519 3751 dicunt
1532 3708 1591 3772 per
1605 3692 1845 3751 sacramentum
1865 3706 1960 3774 suum
1983 3688 2073 3770 quod

567 3796 682 3841 omnes
698 3794 830 3860 persone
845 3775 879 3838 in
894 3774 960 3837 ists
973 3775 1189 3858 inquisicione
1203 3774 1372 3837 nominate
1388 3781 1463 3837 sunt
1480 3775 1591 3838 seisite
1608 3779 1645 3838 et
1659 3775 1892 3860 possessionnte
1904 3779 1939 3839 et
1954 3794 2072 3839 eorum

567 3864 715 3948 quelibet
729 3868 780 3927 est
794 3864 906 3926 seisite
922 3870 957 3926 et
973 3861 1210 3947 possessionstc
1221 3862 1258 3924 in
1273 3861 1368 3924 terris
1382 3867 1417 3925 et
1431 3864 1629 3927 tenementis
1644 3862 1711 3927 suis
1725 3862 1760 3925 in
1775 3861 1940 3927 dominico
1956 3882 2016 3925 suo
2032 3868 2073 3925 ut

565 3952 607 4015 de
636 3950 738 4015 libero
766 3953 954 4013 tenemento
974 3968 1044 4028 suo,
1063 3953 1099 4013 et
1126 3955 1243 4013 tenent
1272 3968 1330 4011 seu
1359 3952 1453 4011 tenet
1478 3951 1574 4013 modo
1596 3955 1631 4014 et
1652 3948 1768 4028 forms,
1789 3950 1847 4035 qui
1875 3954 2068 4035 sequuntur,

566 4038 719 4103 videlicet
734 4036 885 4124 quods—
1794 4072 1796 4077 ·

611 4227 771 4293 Robertns
796 4226 914 4291 Broom
937 4230 1032 4291 tenet
1057 4222 1240 4289 manerium
1263 4240 1358 4285 suum
1381 4222 1417 4287 in
1443 4220 1575 4300 Boon,
1599 4224 1687 4308 quod
1712 4245 1815 4311 nuper
1840 4226 1905 4290 luit
1929 4224 2067 4293 Henrioi

566 4315 685 4384 Broom
699 4336 756 4398 per
770 4314 816 4381 di.
831 4313 856 4379 f.
871 4335 918 4381 m.
933 4311 1111 4377 inmedicte
1125 4310 1166 4376 de
1181 4307 1354 4373 heredibus
1368 4307 1409 4372 de
1425 4306 1568 4393 Somery.

610 4472 758 4541 Heredes
773 4470 930 4541 Johennis
944 4469 1100 4555 Gelthorp
1113 4473 1232 4533 tenent
1245 4468 1282 4531 in
1298 4467 1470 4536 Srrmueu
1485 4466 1510 4553 j.
1526 4467 1550 4533 f.
1567 4489 1614 4535 m.
1630 4469 1716 4553 quod
1730 4488 1834 4555 nuper
1848 4470 1914 4533 iuit
1929 4468 2067 4540 Walteri

566 4562 721 4645 Gulthorp
734 4566 769 4626 et
784 4559 946 4629 Willelmi
961 4558 1136 4643 Gerberge,
1148 4556 1332 4621 inmediste
1346 4556 1386 4618 de
1401 4556 1521 4619 comite
1538 4555 1737 4621 Arundellie.

608 4695 802 4787 Willelmus
815 4715 936 4799 Philip,
952 4714 1058 4793 miles,
1073 4717 1108 4777 st
1136 4712 1297 4776 Robertus
1326 4710 1428 4779 Gsvel
1454 4719 1568 4777 tenent
1592 4713 1636 4777 di.
1663 4714 1686 4780 s.
1712 4734 1758 4781 m.
1783 4714 1820 4778 in
1843 4714 2000 4783 Lusum
2030 4726 2066 4782 et

567 4810 748 4885 Kmmnnn,
799 4804 864 4868 uod
892 4822 996 4885 nuper
1023 4800 1089 4864 fuit
1118 4798 1266 4882 Philippi
1295 4798 1389 4883 Peyr,
1421 4806 1456 4863 et
1484 4800 1628 4869 Galhidi
1656 4800 1789 4881 Miniot‚
1814 4803 1996 4869 inmediete
2024 4805 2064 4868 de

566 4894 737 4961 heredibus
752 4892 794 4959 Jo
818 4892 912 4955 annis
926 4888 1067 4954 Verdon.

608 5050 795 5119 Willelmus
816 5048 939 5135 Devyle
965 5055 1057 5115 tenet
1081 5049 1123 5115 de
1139 5048 1216 5134 jure
1231 5047 1339 5112 uxoris
1354 5068 1410 5111 sue
1425 5046 1470 5113 di.
1486 5046 1510 5109 f.
1526 5067 1572 5112 m.
1588 5048 1624 5110 in
1639 5048 1847 5130 Euenum,
1861 5052 1949 5134 qnod
1963 5070 2064 5137 nuper

566 5142 632 5205 fuit
646 5138 769 5203 Thome
785 5135 992 5218 Illreteshele‚
1008 5136 1190 5202 inmedicte
1205 5135 1247 5199 de
1263 5135 1434 5199 heredibus
1449 5134 1574 5199 domini
1590 5134 1715 5202 Werini
1730 5136 1769 5201 de
1784 5136 2004 5225 Meynwuryn.

609 5304 751 5371 Heredes
774 5302 933 5369 Willelmi
957 5301 1092 5367 Shelton
1114 5305 1230 5365 tenent
1251 5299 1298 5365 di.
1314 5300 1338 5365 f.
1355 5320 1399 5365 m.
1426 5300 1460 5362 in
1486 5299 1698 5367 Bnnruem
1719 5304 1754 5363 et
1778 5299 1961 5378 woorms,
1975 5300 2063 5385 quod

565 5411 670 5476 nuper
684 5391 749 5455 fuit
763 5387 929 5473 denlphi
945 5387 1092 5471 Shelton,
1107 5388 1285 5452 inmediate
1300 5386 1341 5451 de
1356 5387 1528 5453 heredibus
1542 5387 1583 5451 de
1598 5384 1783 5453 Teteshsle.

607 5549 747 5615 'I'homes
773 5550 814 5613 de
839 5548 1022 5615 Kerdeston
1045 5555 1137 5615 tenet
1167 5550 1200 5612 in
1232 5548 1385 5617 Omsou
1414 5548 1460 5613 di.
1485 5548 1508 5611 l.
1535 5568 1581 5613 m.
1606 5547 1694 5628 quod
1717 5563 1819 5629 nuper
1845 5546 1910 5611 luit
1935 5544 2062 5611 domiui

563 5638 721 5709 Willelmi
736 5637 918 5702 Kerdeston
933 5638 1113 5701 inmediate
1127 5636 1169 5700 de
1182 5633 1356 5700 heredibus
1371 5635 1498 5700 domiui
1511 5633 1672 5705 Willelmi
1686 5633 1718 5698 le
1732 5632 1828 5699 Reos.

606 5795 704 5859 idem
716 5794 857 5859 Thomas
871 5798 963 5857 tenet
976 5794 1010 5857 in
1026 5792 1392 5868 neocorensem
1406 5798 1442 5856 et
1457 5792 1608 5860 Omrort
1623 5789 1668 5857 di.
1683 5790 1706 5855 t.
1719 5810 1764 5855 m.
1798 5788 1863 5853 uod
1877 5788 2062 5875 superfuit

563 5884 711 6040 mm
737 5882 862 5948 domini
887 5880 1046 5951 Willelmi
1068 5882 1246 5947 inmediuts
1272 5883 1313 5946 de
1338 5880 1509 5947 heredibus
1537 5878 1662 5943 domini
1688 5876 1785 5948 Wille
1834 5879 1847 5940 i
1876 5877 1917 5941 de
1946 5876 2061 5943 Monte
