5000 7050
1057 1089 1139 1154 nl).
1163 1091 1259 1155 1428.
1847 1086 1909 1149 123
2022 1184 2026 1193 ι

440 1370 494 1434 De
508 1370 632 1436 herede
647 1372 815 1440 Edmundi
830 1376 985 1461 Seymour
998 1400 1059 1463 pro
1072 1383 1187 1464 qusrts
1201 1384 1294 1463 perte
1308 1398 1365 1444 un.
1377 1378 1401 1444 f.
1415 1400 1459 1443 m.
1473 1398 1571 1462 quem
1587 1381 1678 1441 tenet
1692 1377 1727 1439 in
1742 1376 1908 1452 Wunnnrn

397 1463 433 1521 et
445 1479 554 1542 quern
569 1460 761 1546 liudulphus
776 1464 892 1529 Busset
907 1467 1071 1550 quondam
1086 1469 1199 1531 tenuit
1213 1467 1346 1545 ibidem,
1363 1468 1447 1530 sieut
1462 1475 1524 1531 eto.
1575 1465 1774 1542 Subsidium,
1789 1483 1842 1526 xx.
1852 1464 1885 1526 d.

439 1596 494 1659 De
514 1595 696 1668 ¹heredibus
715 1599 881 1662 willelmi
906 1600 1068 1664 Marmion
1091 1621 1149 1683 pro
1174 1606 1291 1683 quarta
1314 1606 1406 1685 parte
1432 1620 1489 1664 un.
1516 1599 1540 1663 i.
1569 1620 1727 1682 mquam
1755 1603 1850 1662 tenet
1874 1600 1910 1661 in

395 1684 532 1762 Gener,
545 1694 579 1749 et
594 1707 693 1769 quem
708 1686 892 1751 willelmus
908 1688 1070 1750 Mermiou
1086 1692 1249 1770 quondum
1265 1690 1385 1768 tenuit,
1398 1689 1483 1751 sieut
1498 1694 1560 1751 etc.
1599 1688 1797 1767 Subsidium,
1813 1707 1866 1751 xx.
1876 1688 1908 1751 d.

439 1820 493 1883 De
520 1819 672 1885 Johenne
699 1821 838 1906 Gryffyn
863 1843 921 1906 pro
946 1823 1125 1888 medietate
1151 1844 1207 1887 un.
1225 1823 1248 1887 f.
1265 1843 1424 1907 mquam
1451 1829 1541 1887 tenet
1567 1824 1603 1887 in
1617 1824 1687 1889 Esr
1703 1822 1860 1888 Lsnsron
1876 1828 1910 1885 et

395 1907 557 2079 iSiJruprppriJ
570 1915 604 2060 θέ
619 1912 882 2005 qusm'll'arinus
896 1912 1052 1994 Latymer
1067 1930 1171 1995 nuper
1195 1911 1306 1975 tenuit
1331 1911 1464 1989 ibidem,
1489 1913 1573 1974 sieut
1598 1917 1661 1975 ete.
1708 1911 1909 1987 Subsidium,

440 2132 492 2196 De
508 2132 662 2197 Johanne
678 2134 799 2198 Blslret
814 2155 871 2218 pro
886 2135 1062 2199 medietate
1076 2156 1133 2201 un.
1150 2136 1172 2201 f.
1190 2157 1235 2201 m.
1253 2157 1351 2219 quam
1367 2140 1458 2199 tenet
1474 2138 1507 2198 in
1537 2118 1725 2212 Nouissume
1751 2141 1786 2198 et
1810 2154 1909 2217 quem

394 2219 568 2323 lipbertus
603 2222 644 2285 de
681 2222 873 2307 Ssdyngton
910 2224 1075 2308 quondum
1113 2226 1221 2287 tenuit
1256 2225 1388 2301 ibidem,
1437 2224 1523 2287 sieut
1570 2233 1632 2287 ete.
1709 2223 1908 2301 Subsidium,

262 2353 263 2369 .
395 2311 614 2393 uj.s.1nj.d.

440 2448 493 2510 De
510 2444 638 2509 Thomu
654 2446 763 2510 Bsude
777 2468 835 2531 pro
850 2453 966 2531 quarta
981 2457 1072 2531 parte
1089 2469 1144 2513 un.
1161 2450 1185 2514 f.
1202 2470 1247 2513 m.
1264 2469 1362 2532 quam
1378 2454 1472 2513 tenet
1486 2450 1521 2511 in
1537 2449 1734 2527 Lunensem,
1751 2452 1785 2511 et
1810 2467 1909 2530 quem

394 2532 592 2597 Willelmus
606 2533 718 2598 Bsude
732 2555 836 2619 nuper
850 2536 960 2599 tenuit
975 2537 1111 2613 ibidem,
1127 2537 1211 2600 sicut
1225 2548 1288 2601 ete.
1335 2536 1536 2617 Subsidium,
1552 2558 1604 2601 xx.
1616 2538 1647 2600 d.

440 2672 494 2736 De
529 2672 700 2736 heredibus
730 2675 887 2738 Willelmi
917 2674 1038 2739 Curson
1068 2695 1127 2758 pro
1163 2675 1342 2739 medietate
1379 2695 1435 2739 un.
1467 2676 1489 2739 f.
1521 2696 1565 2739 m.
1596 2695 1694 2758 quam
1732 2680 1846 2737 tenent
1873 2674 1909 2737 in

397 2759 593 2826 Prunwnnn
607 2776 641 2824 et
656 2761 908 2841 annsruonrs,
923 2769 957 2825 et
972 2782 1070 2846 quem
1087 2762 1269 2825 Willelmus
1285 2762 1408 2828 Curson
1424 2783 1527 2846 nuper
1541 2766 1652 2826 tenuit
1675 2762 1808 2849 ibidem,
1823 2761 1907 2825 sieut

396 2852 463 2912 ete.
513 2847 715 2928 Subsidium,
732 2849 818 2933 iijs.
835 2849 939 2934 iiij.d.

440 2985 493 3049 De
510 2985 661 3083 Johanne
673 2985 828 3072 Cheyuey
838 3008 896 3071 pro
907 2992 1023 3070 quarta
1038 2993 1128 3071 perte
1139 3008 1194 3053 un.
1206 2989 1229 3052 f.
1241 3010 1285 3053 m.
1295 2989 1331 3051 in
1342 2989 1550 3067 Rennnsson,
1564 2992 1600 3052 et
1610 3008 1708 3071 quam
1720 2986 1909 3071 liudulphus

396 3073 439 3135 de
455 3074 588 3137 Wedon
602 3095 705 3157 nuper
720 3079 827 3138 tenuit
841 3075 975 3155 ibidem,
992 3083 1055 3140 etc.
1101 3076 1304 3154 Subsidium,
1318 3097 1371 3140 xx.
1381 3078 1414 3141 d.

441 3210 495 3273 De
523 3210 661 3273 Ricardo
686 3211 885 3296 Hastynges'
900 3233 957 3295 pro
982 3218 1097 3295 quarta
1118 3219 1208 3295 parte
1223 3234 1278 3277 uu.
1294 3212 1318 3278 f.
1336 3235 1379 3277 m.
1396 3234 1491 3297 quam
1508 3218 1600 3277 tenet
1614 3214 1650 3276 iu
1667 3214 1859 3291 Fnsxnnnr,
1874 3216 1908 3275 et

297 3377 300 3387 Ι
398 3318 502 3381 quam
519 3298 703 3361 Willelmus
720 3300 862 3363 Trussell
877 3300 1038 3383 quondum
1053 3305 1163 3365 tenuit
1177 3300 1310 3381 ibidem,
1326 3303 1410 3365 sieut
1424 3310 1486 3366 ete.
1532 3300 1732 3377 Subsidium,
1746 3322 1796 3363 xx.
1809 3302 1841 3364 d.

441 3436 496 3498 De
516 3436 639 3500 Thomu
653 3434 811 3500 chambre
826 3458 883 3520 pro
897 3437 1074 3500 medietate
1090 3459 1145 3502 un.
1162 3438 1185 3502 i.
1201 3459 1244 3502 m.
1261 3459 1362 3521 quam
1378 3443 1467 3502 tenet
1483 3459 1522 3501 ex
1534 3438 1609 3521 jure
1624 3437 1785 3513 Alienore,
1800 3439 1908 3500 uxoris

397 3523 482 3607 ejus,
500 3524 537 3586 in
555 3523 732 3591 Susnn'ron
747 3524 974 3603 Hunnsnwrn,
989 3535 1022 3588 et
1037 3547 1134 3610 quam
1156 3527 1262 3590 Alieiu
1286 3526 1491 3612 Wyloughby
1506 3547 1613 3611 nuper
1639 3529 1748 3590 tenuit
1773 3527 1906 3605 ibidem,
2018 3599 2019 3604 γ

398 3620 488 3675 sieut
504 3623 567 3677 ets.
612 3612 813 3691 Subsidium,
828 3611 876 3693 iij.
886 3636 912 3701 s,
928 3613 989 3697 iiij.
999 3614 1030 3677 d.

441 3751 498 3814 De
513 3748 683 3814 heredibus
697 3750 718 3813 J
719 3749 854 3814 ohannis
869 3749 996 3814 Beruslr
1011 3770 1068 3834 pro
1081 3756 1199 3834 quartu
1213 3757 1304 3835 perte
1319 3771 1375 3816 un.
1386 3753 1408 3816 f.
1421 3773 1464 3817 m.
1477 3773 1575 3836 quam
1589 3755 1705 3815 teuent
1718 3751 1754 3813 in
1770 3751 1906 3816 'Pnoups

399 3837 576 3914 Lenonos,
615 3847 650 3900 et
686 3858 783 3921 quem
821 3838 1006 3922 Margarete
1042 3838 1081 3902 de
1117 3837 1244 3923 Thorpe
1281 3860 1384 3922 nuper
1421 3843 1529 3903 tenuit
1565 3839 1696 3917 ibidem,
1730 3840 1815 3901 sicut
1842 3846 1905 3901 ets.

399 3925 608 4004 Subsidium,
623 3945 675 3989 xx.
684 3927 716 3990 d.

442 4065 499 4128 De
513 4064 617 4148 priore
631 4063 672 4127 de
686 4063 821 4147 Bradley
838 4084 894 4146 pro
909 4069 1027 4145 quarte
1040 4071 1132 4147 purte
1147 4066 1237 4132 uni.
1251 4086 1404 4152 mquam
1421 4071 1511 4130 tenet
1528 4066 1563 4129 in
1577 4066 1741 4143 Bursrou,
1759 4069 1793 4126 et
1807 4084 1905 4147 quem

399 4151 807 4238 JuliansdeNotynghsm
821 4171 925 4233 nuper
937 4153 1058 4228 tenuit,
1068 4172 1133 4214 non
1148 4155 1354 4236 respondent,
1362 4174 1400 4216 eo
1410 4153 1495 4237 quod
1508 4154 1605 4216 solvit
1619 4153 1760 4216 decimus
1774 4151 1906 4214 domino

398 4243 467 4326 regi
482 4239 612 4324 quando
627 4247 687 4301 x¹¹¹⁶
703 4259 723 4300 a
736 4239 819 4301 clero
834 4238 1064 4317 conceduntur,
1080 4243 1165 4304 sieut
1178 4255 1239 4306 ete.
1286 4241 1485 4318 Subsidium,
1500 4240 1595 4304 nihil.

443 4379 498 4441 De
514 4376 679 4440 Willelmo
694 4373 847 4459 Philipps
862 4396 920 4459 pro
935 4376 1110 4439 medietate
1125 4398 1180 4444 un.
1196 4379 1217 4440 f.
1234 4399 1279 4444 m.
1292 4399 1388 4462 quam
1405 4386 1496 4442 tenet
1511 4380 1546 4440 in
1564 4377 1677 4442 Tuum>
1692 4376 1905 4454 Diuersum

399 4486 504 4549 quam
519 4461 708 4547 deulphus
722 4463 837 4526 Basset
850 4483 955 4547 nuper
968 4464 1077 4528 tenuit
1091 4465 1225 4542 ibidem,
1240 4467 1325 4530 sicut
1339 4472 1402 4529 ete.
1446 4465 1646 4550 Subsidium,
1663 4464 1744 4547 iijr.
1760 4462 1859 4545 iiij.d.

443 4604 496 4667 De
510 4601 658 4666 Johenne
673 4600 810 4684 Gryffyn
824 4621 882 4683 pro
897 4602 1073 4664 medietate
1087 4622 1143 4667 un.
1159 4604 1182 4674 i.
1199 4624 1243 4667 m.
1260 4624 1358 4686 quem
1375 4608 1465 4666 tenet
1480 4604 1514 4664 in
1531 4603 1793 4679 Gononnmmt
1807 4619 1904 4684 quam

401 4691 554 4757 Warinus
569 4690 715 4752 Letimer
729 4708 831 4772 nuper
847 4691 957 4751 tenuit
971 4689 1104 4768 ibidem,
1120 4691 1204 4752 sicut
1219 4700 1281 4755 etc.
1327 4691 1530 4766 Subsidium,
1544 4689 1625 4773 iijn.
1641 4688 1742 4772 iiiju.

444 4831 499 4895 De
513 4827 684 4892 heredibus
697 4825 856 4891 Johaunis
871 4825 999 4889 Bernak
1014 4847 1070 4908 pro
1085 4832 1199 4907 quarte
1216 4832 1308 4910 perte
1323 4845 1378 4892 un.
1394 4826 1418 4891 f.
1435 4847 1478 4889 m.
1494 4845 1593 4908 quam
1608 4828 1724 4888 tenent
1739 4824 1774 4886 in
1791 4825 1905 4889 suom>

402 4919 574 4995 umeros,
609 4923 642 4980 et
678 4934 777 4998 quum
814 4916 924 5006 Agnes
961 4913 1001 4976 de
1038 4911 1166 4996 Thorpe
1202 4914 1367 4998 quondam
1403 4914 1514 4977 tenuit
1548 4912 1682 4992 ibidem,
1718 4913 1805 4975 sieut
1841 4919 1904 4975 ete.

403 5005 607 5082 Subsidium,
621 5024 673 5069 xx.
683 5005 715 5068 d.

444 5145 497 5210 De
512 5142 650 5206 Ricardo
665 5138 863 5222 Beuohump,
878 5139 999 5201 semite
1016 5139 1211 5212 Warrewiei,
1226 5159 1284 5221 pro
1300 5159 1356 5204 un.
1370 5139 1392 5202 f.
1403 5159 1446 5202 m.
1457 5137 1543 5222 quod
1558 5143 1651 5201 tenet
1666 5138 1701 5199 in
1717 5137 1905 5202 Krnwonrn

403 5232 622 5306 Bnnucmur,
635 5236 670 5293 et
683 5229 769 5314 quod
784 5228 921 5306 Thomas
936 5224 1133 5308 Beuehsmp,
1147 5247 1250 5309 nuper
1271 5247 1377 5290 eomes
1393 5227 1586 5303 Wurrewici,
1609 5224 1773 5309 quondam
1799 5225 1906 5286 tenuit

403 5319 540 5397 ibidem,
555 5320 639 5380 sieut
654 5322 717 5381 ete.
763 5314 963 5393 Subsidium,
978 5311 1022 5397 vj.
1034 5337 1060 5378 s.
1076 5312 1145 5398 viij.
1155 5315 1186 5378 d.

447 5457 496 5520 De
511 5455 648 5519 Ricardo
663 5453 860 5536 Hsstynges,
874 5451 991 5526 milite,
1008 5472 1065 5535 pro
1080 5470 1135 5514 un.
1151 5452 1174 5515 f.
1189 5473 1235 5516 m.
1250 5452 1337 5534 qnod
1352 5457 1444 5514 tenet
1457 5454 1491 5515 iu
1508 5452 1646 5517 Nnnron
1662 5450 1853 5528 Hnnuounr,
1870 5454 1905 5512 et

404 5546 491 5714 ‹pposd
501 5540 698 5715 vlpgdpllphus
713 5541 909 5625 Hsstynges,
924 5539 1030 5618 miles,
1046 5539 1208 5623 quondam
1223 5542 1333 5603 tenuit
1347 5540 1483 5619 ibidem,
1500 5541 1586 5603 sicut
1599 5547 1660 5602 ete.
1704 5535 1904 5616 Subsidium,

447 5771 497 5834 De
523 5765 661 5830 Riserdo
687 5764 832 5829 Stesecle
858 5783 916 5847 pro
939 5763 1118 5826 medietate
1144 5783 1199 5826 un.
1216 5763 1238 5826 f.
1256 5785 1300 5828 m.
1315 5784 1413 5846 quam
1441 5768 1534 5825 tenet
1556 5763 1590 5824 in
1614 5761 1736 5827 Misus
1750 5761 1858 5836 Gens,
1873 5765 1908 5822 et

405 5877 502 5939 quam
538 5852 729 5938 liudulphus
765 5851 911 5916 Steveele
948 5852 1112 5936 quondam
1150 5854 1259 5915 tenuit
1296 5851 1429 5930 ibidem,
1468 5852 1551 5914 sieut
1589 5853 1651 5914 ete.
1706 5847 1908 5924 Subsidium,
