5000 7050
512 981 576 1046 586
1156 975 1378 1044 NORFOLK.

553 1262 701 1325 Heredes
726 1262 860 1325 Roberti
884 1263 937 1325 dcl
963 1260 1059 1339 Paris,
1087 1263 1213 1345 prefata
1236 1262 1370 1326 domina
1394 1261 1554 1326 Katerina
1578 1267 1612 1325 et
1635 1261 1813 1344 percenarii
1839 1261 1890 1323 sui
1906 1263 2025 1322 tenent

508 1350 688 1413 inmediate
701 1349 743 1413 de
757 1349 916 1427 Johanue,
931 1350 1013 1413 duce
1028 1347 1220 1425 Norffolkie
1235 1358 1324 1413 certa
1349 1357 1448 1412 terras
1462 1355 1496 1412 et
1512 1354 1699 1413 tenementis
1726 1349 1760 1409 iu
1787 1348 1963 1414 Scunusorv
1990 1353 2026 1408 et

509 1437 690 1588 WiKhion’
712 1458 774 1520 que
798 1437 960 1519 quondam
984 1437 1114 1500 fuerunt
1129 1437 1264 1504 Walteri
1292 1437 1332 1500 de
1357 1437 1494 1520 Waleys,
1520 1457 1575 1520 per
1591 1437 1763 1500 servicium
1778 1449 1893 1521 quarte
1922 1434 2027 1517 partis

513 1546 539 1608 J.
574 1573 581 1589 .
638 1574 646 1587 .

557 1658 720 1726 Johannes
751 1661 883 1723 Storour
912 1667 948 1724 et
974 1662 1150 1743 percenarii
1176 1663 1226 1723 sui
1252 1665 1366 1723 teuent
1393 1660 1571 1724 inmediate
1597 1661 1637 1723 de
1663 1658 1826 1722 willelmo
1842 1659 2026 1740 Loveneye‚

512 1747 654 1899 pipurfinp1
668 1746 709 1811 dc
734 1747 905 1832 Thyraion,
919 1754 1006 1811 certa
1034 1753 1136 1811 terras
1159 1756 1193 1812 et
1218 1754 1408 1812 tenementa
1431 1749 1466 1810 in
1491 1748 1746 1814 Moavrvoruoas
1769 1766 1828 1829 per
1851 1745 2025 1808 servicium

559 1972 717 2037 Robertus
733 1970 932 2054 Scherewyn,
943 1973 1086 2050 clericus,
1098 1978 1190 2036 tenet
1204 1973 1380 2037 inmediate
1396 1973 1436 2037 de
1447 1973 1590 2040 Waltero
1607 1973 1662 2034 fitz
1674 1973 1807 2040 Wauter
1822 1975 1909 2034 certa
1925 1976 2029 2034 terras

516 2064 551 2123 et
564 2066 751 2123 tenemeuta
766 2061 800 2122 in
816 2060 1037 2141 Hsaouwms,
1051 2081 1114 2144 que
1130 2060 1291 2124 Rcbertus
1306 2060 1346 2123 de
1362 2059 1523 2138 Denham,
1536 2059 1720 2123 Wilielmus
1736 2058 1776 2121 de
1789 2057 2030 2134 Thrandestou,

517 2146 673 2210 Ricardus
688 2148 860 2210 Avenauut
875 2148 1036 2232 quondam
1051 2154 1237 2224 tenuerunt,
1253 2168 1310 2230 per
1326 2148 1500 2210 servicium
1515 2157 1629 2232 quarte
1645 2147 1746 2230 partis
1757 2145 1784 2231 j.
1799 2147 1823 2209 f.
1840 2167 1885 2212 m.

562 2297 746 2366 Wilielmus
770 2297 940 2380 Loveueye
967 2304 1056 2360 tenet
1082 2298 1262 2360 inmediate
1289 2297 1327 2361 de
1352 2297 1511 2370 iohanne.
1540 2295 1622 2360 duce
1637 2295 1828 2374 Norffolkie‚
1845 2295 2029 2358 manerium

519 2407 613 2449 suum
628 2386 668 2448 de
684 2385 860 2451 Tainaron
875 2407 950 2448 cum
966 2386 1176 2468 pertinenciis
1191 2406 1248 2467 per
1265 2385 1437 2448 servicium
1452 2385 1476 2470 j.
1494 2385 1517 2448 f.
1535 2406 1580 2449 m.
2023 2397 2027 2403 ⁴

564 2525 657 2589 Idem
687 2525 871 2592 Wittelmus
901 2532 995 2589 tenet
1024 2527 1201 2590 inmediate
1230 2526 1270 2589 de
1301 2526 1458 2590 Katerina
1486 2525 1527 2589 de
1565 2523 1719 2596 Schelton
1749 2534 1836 2589 certa
1865 2530 1966 2588 terras
1995 2530 2030 2588 et

521 2618 709 2677 tenementa
723 2613 758 2675 in
774 2613 951 2679 Tuvasrorv
967 2615 1112 2696 predicta
1126 2634 1182 2697 per
1197 2616 1368 2678 servicium
1384 2620 1497 2698 quarte
1512 2614 1613 2696 partis
1623 2612 1651 2696 j.
1668 2613 1692 2679 f.
1708 2635 1754 2678 m.
1772 2633 1835 2699 que
1845 2612 2031 2681 Willelmus

521 2699 562 2763 de
577 2699 693 2764 Sancto
710 2701 827 2763 Omero
843 2701 1007 2782 quondam
1022 2702 1142 2768 tenuit.

565 2850 707 2914 Heredes
723 2851 856 2914 Roberti
871 2852 911 2914 de
926 2851 1007 2914 Parc
1034 2857 1149 2914 teuent
1174 2851 1351 2915 inmediate
1377 2852 1416 2915 de
1442 2853 1524 2915 duce
1548 2850 1727 2915 Norffolkie
1754 2855 1843 2915 ceria
1867 2855 1970 2914 terras
1995 2856 2032 2914 et

522 2943 715 3001 tenementa
728 2940 764 3000 iu
778 2939 948 3005 Wsssrorv
964 2959 1022 3021 per
1038 2941 1210 3001 servicium
1225 2938 1272 3003 di.
1288 2939 1312 3003 f.
1330 2961 1376 3003 m.

566 3072 706 3138 Thomas
730 3075 840 3137 Toreli
866 3079 959 3138 tenet
984 3074 1165 3138 inmediate
1189 3075 1230 3138 de
1255 3075 1344 3138 dicto
1359 3075 1438 3140 duce
1453 3074 1633 3139 Norffolkie
1648 3077 1830 3139 manerium
1845 3096 1940 3139 suum
1955 3095 2032 3139 cum

523 3163 735 3247 pertinenciis
750 3164 784 3224 in
802 3163 947 3228 Mauros
962 3184 1020 3246 per
1036 3163 1209 3226 servicium
1224 3163 1270 3230 di.
1287 3162 1310 3228 f.
1327 3184 1375 3228 m.

567 3298 748 3366 Wilielmus
764 3299 931 3381 Loveneye
954 3304 1048 3362 tenet
1071 3300 1249 3363 immediate
1273 3299 1314 3362 dc
1341 3301 1429 3363 dicto
1454 3300 1535 3363 duce
1559 3298 1739 3362 Norffolkie
1763 3309 1851 3363 certa
1874 3305 1974 3363 terras
1996 3304 2033 3364 et

524 3392 713 3449 tenementa
728 3387 762 3448 in
780 3385 1015 3453 Tacourvnsrorv
1030 3408 1088 3470 per
1103 3388 1275 3450 servicium
1287 3387 1313 3471 j.
1330 3385 1353 3450 f.
1369 3408 1416 3453 m.

568 3521 745 3601 iohannes,
760 3522 824 3587 dur
841 3523 1032 3592 Norffolkie.
1049 3531 1142 3588 tenet
1157 3526 1338 3589 inmediate
1354 3527 1395 3588 de
1405 3523 1548 3591 Waltero
1564 3523 1619 3587 fita
1635 3524 1769 3591 Wauter
1783 3528 1871 3588 certe
1882 3530 1983 3588 terras
1998 3532 2033 3589 et

524 3617 710 3675 tenemento
725 3619 839 3674 vocata
854 3613 1004 3678 Wvuron
1020 3614 1054 3674 iu
1071 3613 1307 3679 Tacomvssrorv
1324 3634 1379 3696 per
1395 3612 1564 3675 servicium
1576 3612 1603 3695 j.
1620 3613 1644 3676 f.
1659 3634 1704 3677 m.

568 3762 706 3825 Thomas
731 3762 909 3826 Fornesete
933 3771 967 3826 et
993 3763 1156 3828 Robertus
1181 3765 1282 3828 irater
1306 3785 1394 3843 suus,
1418 3763 1583 3827 Johaunes
1605 3762 1725 3827 Cliiton
1742 3770 1776 3827 et
1790 3764 1967 3848 percenarii
1983 3766 2034 3828 sui

525 3855 641 3913 tenent
665 3851 841 3913 inmediate
868 3850 908 3912 de
934 3852 1082 3917 Johanne
1110 3850 1285 3915 Lnucastre
1312 3866 1351 3914 ut
1374 3852 1414 3913 de
1443 3853 1584 3915 manerio
1610 3872 1668 3914 suo
1684 3857 1795 3915 vocato
1819 3850 2036 3934 Mounteneys

525 3945 612 4001 certa
626 3943 727 4038 terras
742 3943 777 3999 et
787 3942 981 4086 ‘tepcmenta
995 3940 1031 4000 in
1048 3937 1295 4018 Tscouussrorv‚
1307 3959 1370 4021 que
1385 3937 1581 4003 Benedictus
1591 3938 1732 4003 chdale
1747 3938 1909 4021 quondam
1924 3940 2036 4003 tenuit

526 4046 581 4107 per
597 4044 770 4087 scrvrcmm
781 4046 806 4107 J.
839 4046 909 4091 .m.

570 4155 590 4220 J
591 4150 734 4215 ohannes
745 4152 879 4232 Oliiton,
890 4154 996 4234 miles,
1007 4160 1096 4217 tenet
1108 4154 1287 4217 inmediate
1302 4154 1342 4218 dc
1359 4155 1379 4221 J
1380 4153 1519 4233 ohanne,
1534 4155 1615 4218 duce
1628 4154 1658 4216 N
1660 4153 1820 4233 orffolkie,
1832 4158 1922 4218 certa
1934 4162 2037 4219 terras

526 4246 561 4303 et
576 4246 765 4303 tenemento
779 4240 814 4303 in
830 4240 1064 4306 Fouosrvusns
1081 4263 1139 4325 per
1153 4242 1325 4305 servicium
1338 4242 1365 4325 j.
1382 4241 1405 4306 f.
1422 4264 1466 4307 m.

572 4370 661 4433 Idem
677 4368 970 4437 JohannesOiiftou
986 4377 1076 4436 tenet
1091 4373 1269 4437 immediate
1284 4372 1323 4437 de
1339 4374 1483 4437 Henrico
1500 4373 1640 4459 Inglose‚
1656 4371 1775 4449 milite,
1790 4377 1828 4435 ut
1842 4373 1882 4436 de
1893 4374 2038 4437 manerio

527 4478 586 4606 sup
607 4457 648 4611 pp
672 4456 882 4544 Hors[forde]
904 4468 994 4522 certa
1017 4467 1122 4524 terras
1145 4469 1177 4524 et
1202 4469 1393 4525 tenementis
1417 4462 1451 4523 in
1468 4462 1764 4527 Asrrwnnnsruosv
1789 4480 1844 4543 per
1866 4462 2037 4525 servicium

528 4568 550 4629 1.
583 4592 591 4609 .
645 4593 653 4609 .

572 4682 728 4746 Ricardus
755 4682 905 4762 Randolf,
933 4683 1118 4749 Wilielmus
1148 4685 1245 4749 Hobb
1273 4690 1306 4749 et
1335 4686 1518 4769 percenarii
1548 4684 1599 4748 sui
1629 4688 1745 4747 tenent
1768 4681 1948 4748 inmediate
1981 4682 2038 4773 [de

529 4767 709 4857 Willelmo]
732 4770 902 4854 Loveneye
925 4778 965 4832 ut
988 4771 1029 4835 de
1053 4774 1200 4836 manerio
1219 4794 1278 4836 suo
1293 4774 1334 4837 de
1349 4770 1513 4855 Thyraion
1530 4778 1618 4835 certa
1634 4777 1735 4835 terras
1751 4777 1785 4834 et
1800 4777 1988 4835 tenements
2002 4774 2038 4837 in

530 4859 680 4936 Hieron,
694 4879 757 4941 que
773 4857 912 4923 Thomas
927 4858 1025 4942 Grey,
1041 4860 1235 4943 capellanus,
1250 4867 1284 4925 et
1298 4860 1474 4943 pcrceuarii
1498 4861 1550 4923 sui
1576 4858 1739 4942 quondam
1764 4864 1952 4938 tenuerunt,
1979 4881 2039 4944 per

531 4947 700 5010 servicium
718 4954 831 5031 quarte
847 4946 949 5029 partis
962 4946 987 5028 j.
1005 4948 1028 5010 f.
1046 4968 1092 5013 m.

573 5079 757 5146 Wilielmus
772 5080 947 5155 Bernham,
961 5080 1107 5156 clericus,
1123 5087 1212 5145 tenet
1227 5083 1404 5146 inmediate
1420 5082 1460 5145 de
1475 5082 1630 5165 magistro
1645 5080 1685 5143 de
1708 5076 1925 5164 Metyngham
1950 5086 2037 5145 certa

529 5172 632 5230 terras
656 5174 691 5230 et
715 5172 902 5230 tenemento
933 5164 982 5253 [in
1010 5168 1197 5246 cisarcen,
1223 5166 1303 5256 que]
1330 5169 1490 5233 Robertus
1519 5168 1609 5233 Rode
1637 5168 1801 5250 quondam
1831 5168 1952 5245 tenuit,
1982 5189 2038 5253 per

531 5254 703 5318 servicium
718 5260 832 5336 quarte
847 5260 949 5337 partis
963 5255 988 5340 j.
1004 5255 1028 5320 f.
1044 5276 1090 5320 m.

574 5388 677 5453 Fulco
691 5388 778 5473 Grey
793 5396 883 5453 tenet
899 5391 1077 5454 iumediate
1092 5395 1273 5457 manerium
1296 5392 1407 5481 [suum
1423 5414 1498 5457 cum
1518 5392 1728 5476 pertinenciis
1743 5391 1777 5453 in
1793 5390 1976 5480 Borkunu]
1997 5394 2039 5457 de

531 5477 674 5546 Waltero
689 5476 762 5541 Fitz
777 5478 913 5545 Wauter
927 5498 984 5561 per
999 5479 1168 5542 servicium
1184 5478 1234 5563 iij.
1250 5482 1393 5564 partium
1403 5480 1431 5564 j.
1447 5480 1470 5544 f.
1487 5501 1532 5546 m.

574 5613 732 5698 Magister
754 5614 794 5676 de
817 5611 1031 5697 Metynghsm
1047 5619 1138 5678 tenet
1152 5618 1332 5681 inmediate
1354 5616 1408 5704 [de
1434 5616 1593 5694 iohanne,
1614 5615 1697 5681 duce
1722 5613 1911 5691 Norffossric,
1927 5616 2032 5705 certa]

533 5705 890 5873 gepppgpltltpplpplppnta
905 5699 937 5761 iu
955 5700 1145 5768 Bouswuuu
1159 5725 1217 5788 per
1232 5706 1408 5770 servicium
1424 5706 1451 5789 j.
1468 5705 1490 5768 s.
1507 5725 1632 5788 m.·que
1648 5704 1791 5790 Rogerus
1806 5701 1882 5766 Fitz
1904 5700 2039 5789 [Osbert
