5000 7050
1117 1084 1202 1150 hl).
1227 1086 1324 1150 1346.
1900 1075 1963 1139 199

508 1373 672 1435 'l'eucntes
697 1381 859 1437 terrarum
885 1376 1006 1460 Rogeri
1031 1376 1145 1439 Haket
1170 1383 1281 1438 tenent
1308 1375 1365 1458 xij.
1383 1375 1508 1456 portem
1534 1371 1558 1454 j.
1575 1373 1598 1432 f.
1615 1369 1650 1430 in
1669 1367 1780 1436 Soura
1797 1367 1963 1440 Bonosus,

464 1478 562 1542 quum
579 1457 724 1544 Rogerus
740 1461 853 1525 Hulret
870 1463 1034 1547 quondam
1049 1464 1169 1526 tenuit.

509 1612 603 1676 Prior
625 1611 744 1677 Sancto
770 1613 928 1678 Ksterine
952 1627 1066 1679 tenent
1091 1637 1143 1681 xx.
1170 1621 1294 1698 partem
1309 1615 1334 1700 j.
1351 1613 1374 1678 i.
1392 1615 1426 1676 in
1442 1614 1613 1678 Esrrcrrsu
1635 1605 1964 1688 (i.c.EssH11fflsu)‚

467 1720 564 1781 quam
580 1699 740 1764 Robertus
757 1701 842 1765 filius
856 1702 1008 1767 Herberti
1025 1703 1189 1787 quondam
1204 1702 1326 1769 tenuit.

899 2154 1013 2220 Fuous
1035 2154 1282 2223 NORMANNY
1304 2154 1364 2221 DE
1390 2153 1546 2220 DABCY.

514 2340 608 2405 Idem
623 2340 783 2426 juratores
797 2344 913 2408 dicunt
928 2346 1015 2428 quod
1025 2370 1078 2410 :—

470 2582 486 2643 t
514 2491 698 2643 Wiplelmus
713 2493 817 2580 Gosyn
831 2503 919 2559 tonet
935 2497 981 2561 di.
998 2498 1021 2562 f.
1038 2498 1072 2559 iu
1088 2497 1241 2575 Mimos,
1266 2497 1350 2578 quod
1375 2495 1534 2558 Henricus
1557 2494 1597 2556 de
1624 2490 1782 2575 Ormesby
1806 2487 1971 2572 quondam

486 2598 565 2642 euur
582 2625 591 2643 .

516 2730 704 2816 Capitulum
730 2735 906 2818 Lyncolnie
932 2741 1024 2801 tenet
1047 2737 1092 2802 di.
1115 2736 1139 2801 f.
1162 2691 1196 2799 iu
1224 2736 1404 2813 Cuurrouu,
1430 2734 1516 2817 quod
1542 2733 1702 2796 Robertus
1725 2732 1767 2793 od
1793 2729 1972 2793 Ecclesiam

472 2822 635 2902 quondam
650 2823 769 2887 tenuit.

516 2966 701 3030 Willelmus
724 2967 859 3051 Surreys
884 2975 978 3033 tenet
1001 2970 1107 3056 xxiiij.
1122 2972 1250 3052 partem
1271 2969 1296 3054 j.
1312 2968 1336 3032 f.
1353 2969 1388 3030 in
1411 2967 1580 3044 Duusrou,
1604 2985 1702 3047 quam
1725 2962 1909 3025 Willelmus
1932 2960 1972 3022 de

474 3052 625 3117 Dunston
641 3056 760 3120 tenuit.

517 3207 609 3271 Prior
623 3208 806 3293 Hospitalis
822 3215 916 3274 tenet
931 3233 960 3276 v.
976 3216 1104 3295 purtem
1118 3215 1153 3274 et
1165 3210 1247 3296 iiij¹¹
1264 3218 1389 3294 partem
1403 3210 1427 3294 j.
1444 3209 1468 3274 f.
1485 3211 1519 3271 iu
1542 3208 1668 3283 eodem,
1690 3225 1772 3288 quos
1794 3201 1970 3286 Templurii

474 3296 638 3390 quondam
653 3302 842 3363 tenuerunt.

517 3447 609 3510 Prior
630 3449 671 3512 de
693 3448 826 3513 Nokton
848 3456 941 3513 toust
964 3451 1028 3536 xvj.
1052 3454 1179 3534 partem
1202 3473 1257 3516 uu.
1272 3453 1296 3516 f.
1316 3453 1353 3514 iu
1377 3453 1501 3532 eudem,
1525 3469 1621 3536 quum
1645 3445 1820 3531 Philippus
1842 3445 1976 3529 Surreys

476 3536 639 3617 quondam
652 3539 773 3601 tenuit.

521 3692 627 3756 Ahbas
642 3694 683 3758 de
697 3692 877 3778 Barlynges
894 3699 986 3758 tenet
999 3696 1043 3759 lx.
1060 3702 1186 3779 partem
1197 3696 1224 3781 j.
1240 3698 1265 3761 f.
1281 3697 1315 3759 iu
1330 3697 1455 3772 eadem,
1472 3715 1571 3779 quam
1587 3693 1743 3756 Ricardus
1766 3692 1807 3755 de
1828 3644 1977 3754 Oanewih

476 3780 640 3863 quondam
657 3782 774 3844 tenuit.

523 3930 679 3994 Ricardus
694 3931 735 3995 de
750 3932 925 4017 Haveryug
941 3938 1031 3996 tenet
1046 3933 1110 4017 xvj.
1127 3941 1255 4017 purtem
1265 3936 1292 4019 j.
1306 3936 1328 3998 f.
1342 3938 1376 3999 in
1392 3936 1561 4011 Duusuoru
1576 3954 1673 4016 quam
1689 3930 1861 4014 Philippus
1876 3928 1980 4013 Dsrcy

478 4017 641 4102 quondam
656 4020 777 4083 tenuit.
987 4074 991 4087 .

522 4171 655 4236 Julianu
669 4172 710 4234 de
725 4170 891 4256 Swyuford
906 4178 999 4238 tenet
1014 4174 1078 4259 xvj.
1094 4180 1220 4259 partem
1230 4178 1258 4260 j.
1276 4178 1298 4240 f.
1315 4179 1349 4240 iu
1373 4178 1543 4254 Duusrors,
1567 4196 1663 4260 quam
1689 4174 1778 4238 idem
1806 4172 1980 4256 Philippus

479 4260 643 4341 quondum
659 4261 779 4325 tenuit.

479 4411 680 4563 tremimus
705 4413 881 4499 Haveryug
905 4420 998 4478 tenet
1023 4415 1093 4499 viij.
1109 4424 1236 4500 partem
1263 4417 1287 4499 j.
1305 4417 1327 4480 f.
1345 4418 1380 4479 in
1407 4418 1551 4496 Nocrou,
1568 4436 1665 4501 quam
1690 4414 1851 4479 Robertus
1876 4414 1981 4498 Darcy

514 4519 573 4562 uur
593 4550 600 4563 .

522 4661 631 4726 Abbas
645 4663 686 4726 de
701 4662 867 4747 Kyrksted
883 4670 974 4728 tenet
990 4664 1052 4749 iiij.
1069 4671 1197 4747 partem
1207 4667 1236 4749 j.
1254 4666 1277 4730 f.
1294 4667 1329 4728 in
1345 4666 1468 4729 eadem.

481 4824 711 4974 Dll'illgmup
732 4824 899 4909 Swynford
922 4831 1015 4889 tenet
1031 4826 1099 4911 viij.
1114 4832 1238 4909 partem
1261 4827 1289 4911 j.
1305 4827 1328 4891 f.
1345 4828 1379 4889 in
1404 4826 1561 4910 predictis
1576 4825 1674 4900 villis,
1701 4844 1799 4907 quam
1822 4823 1984 4886 Robertus

512 4931 587 4996 arcy
636 4932 722 4977 nur.

525 5073 632 5137 Abbus
660 5073 700 5137 de
729 5074 914 5158 Kyrkstede
943 5080 1036 5139 tenet
1066 5078 1132 5161 xvj.
1159 5082 1287 5161 purtem
1312 5080 1336 5165 j.
1363 5076 1385 5141 f.
1412 5078 1447 5139 in
1475 5078 1606 5141 Nocrou
1632 5080 1665 5137 et
1692 5075 1861 5152 Duusrou,
1886 5094 1983 5157 quum

483 5162 643 5227 Robertus
658 5161 763 5246 Durcy
779 5163 899 5226 tenuit.

527 5324 618 5389 Prior
632 5322 816 5406 Hospitalis
832 5322 943 5387 Sancti
959 5322 1119 5388 Johunuis
1133 5330 1224 5387 tenet
1238 5323 1304 5406 xvj.
1321 5329 1447 5405 partem
1457 5323 1486 5407 j.
1503 5325 1527 5385 f.
1542 5325 1575 5385 iu
1592 5323 1678 5386 villis
1702 5321 1867 5405 predictis,
1887 5340 1985 5403 quarn

484 5412 640 5495 magister
654 5410 778 5473 milicie
792 5411 919 5495 Templi
934 5413 1095 5495 quondam
1110 5411 1229 5475 tenuit.

487 5570 689 5722 teRipordus
704 5571 743 5634 ds
757 5571 936 5655 Haveryng
950 5578 1043 5635 tenet
1059 5571 1121 5658 iiij.
1137 5579 1266 5655 partem
1281 5573 1306 5659 j.
1323 5572 1347 5634 f.
1361 5572 1396 5634 iu
1413 5572 1557 5652 Nocrou,
1573 5592 1670 5655 quom
1688 5570 1861 5653 Philippus
1882 5569 1988 5654 Daroy

518 5677 575 5721 nur
593 5708 603 5727 .

528 5818 619 5884 Prior
644 5823 687 5885 ds
710 5820 838 5885 Noctou
861 5826 954 5885 tenet
976 5820 1026 5907 iij.
1052 5827 1179 5904 purtem
1198 5825 1253 5901 (et)
1272 5842 1303 5885 x.
1320 5826 1447 5907 partem
1458 5821 1486 5905 j.
1503 5823 1526 5886 f.
1541 5822 1577 5884 in
1594 5821 1738 5899 Nocrou,
1753 5838 1832 5902 quos
1846 5819 1989 5882 Andreas

486 5905 615 5991 Pynsou
631 5910 796 5992 quondam
809 5910 932 5973 tenuit.
