5000 7050
535 1057 600 1124 520
1172 1056 1395 1127 NORFOLK.

577 1347 720 1412 Heredes
748 1347 908 1417 willelmi
934 1349 1075 1413 Freman
1101 1354 1220 1414 tenent
1241 1351 1284 1416 de
1308 1351 1440 1416 domino
1463 1349 1613 1416 iohanne
1638 1351 1679 1417 de
1701 1351 1821 1416 Ceston
1845 1355 1882 1414 et
1903 1342 2035 1412 heredes

533 1435 654 1518 Rogeri
669 1436 783 1499 Aliede
809 1440 845 1500 ei
870 1441 1019 1501 tenentes
1044 1441 1203 1501 terrerum
1230 1437 1373 1502 Huberti
1395 1438 1544 1523 Reynald
1570 1444 1685 1504 tenent
1710 1442 1899 1503 tenemenla
1923 1453 1981 1500 eun
1998 1431 2032 1494 in

533 1521 677 1588 Moumon
692 1543 749 1606 per
763 1524 897 1587 terciam
914 1531 1041 1607 partem
1051 1523 1078 1608 j.
1094 1525 1118 1591 f.
1136 1546 1179 1590 m.
1194 1527 1280 1610 quod
1296 1525 1482 1593 Willelmue
1496 1525 1634 1590 Freman
1653 1528 1762 1591 tenuit
1778 1565 1789 1580 -
1877 1525 1901 1610 j.
1917 1537 2035 1585 marm.

575 1668 736 1746 Matildie,
757 1689 821 1753 que
843 1669 909 1733 fuit
933 1689 1012 1733 uxor
1037 1669 1158 1734 Oliveri
1172 1669 1213 1734 de
1234 1670 1384 1749 Moumn,
1398 1675 1491 1735 tenet
1513 1676 1703 1737 tenemente
1716 1693 1774 1735 sue
1787 1673 1822 1735 in
1838 1669 1981 1736 Moumou
1995 1663 2036 1728 de

531 1755 562 1817 N
564 1756 689 1820 ioholao
703 1757 744 1820 de
760 1757 947 1822 Stradeseie
962 1777 1021 1840 per
1035 1759 1207 1822 servicium
1223 1760 1321 1822 unius
1336 1759 1489 1845 quarterii
1508 1761 1533 1825 i.
1549 1779 1593 1827 m.
1621 1765 1655 1824 ei
1675 1759 1764 1824 idem
1791 1756 1969 1821 Nieholaus
1993 1753 2033 1816 de

531 1863 619 1929 rege,
635 1843 722 1927 quod
737 1844 897 1909 Robertue
911 1844 952 1909 de
967 1843 1103 1909 Mouton
1120 1846 1284 1929 quondam
1300 1847 1408 1910 tenuit
1462 1883 1879 1899 -----
1967 1859 2031 1906 xa.

573 1994 978 2080 Johannee‘deLyneolnia
990 1999 1082 2061 tenet
1093 2001 1284 2061 tenementa
1299 2017 1357 2060 sua
1371 1998 1405 2060 in
1418 1997 1579 2064 Beuum
1594 1999 1636 2062 de
1652 2001 1796 2064 manerio
1811 2000 1851 2062 de
1858 1997 2033 2061 Fomeeeie
2079 2002 2087 2015 '

530 2104 585 2166 per
601 2089 750 2166 quartem
766 2092 893 2166 partem
907 2083 931 2169 j.
947 2085 971 2148 f.
985 2102 1031 2149 m.
1047 2084 1087 2148 de
1100 2084 1274 2148 heredibus
1289 2084 1331 2149 de
1345 2083 1524 2150 Fomeeeie
1537 2086 1578 2150 de
1593 2105 1680 2172 rege,
1697 2085 1783 2173 quod
1793 2084 1978 2155 Willelmue
1991 2081 2031 2145 de

530 2170 735 2254 Lyneolneye
747 2173 910 2255 quondam
925 2171 1036 2236 tenuit
1058 2207 1878 2225 ---------
1966 2187 2032 2236 m.

572 2317 735 2383 Tenentee
757 2322 916 2383 terrerum
941 2318 1106 2402 quondam
1121 2317 1278 2385 Wsslelmi
1304 2319 1346 2382 de
1368 2319 1396 2380 T
1487 2318 1607 2383 eworlh
1636 2323 1750 2384 tenent
1763 2320 1799 2384 in
1814 2321 2030 2387 lesronn

529 2427 585 2491 per
598 2406 771 2470 servicium
785 2407 882 2470 unius
895 2406 1055 2490 quarterii
1069 2407 1093 2473 f.
1109 2425 1154 2471 m.
1170 2404 1211 2469 de
1225 2405 1373 2470 manerio
1408 2404 1675 2471 eCokewelle-
1766 2447 1777 2460 ·
1867 2447 1878 2460 ·
1967 2425 2030 2472 m.

726 2557 862 2622 ειιιιιι
876 2555 978 2645 ιῑμικ
995 2558 1079 2645 fija.
1093 2555 1196 2645 iiijxl.
1213 2579 1271 2642 ριι
1285 2557 1334 2645 fij.
1350 2557 1375 2624 f.
1391 2557 1437 2624 di.
1451 2562 1486 2624 ιι
1501 2557 1562 2646 xij·
1583 2563 1674 2644 parte
1684 2558 1712 2645 j.
1728 2557 1752 2624 f.
1767 2578 1813 2626 ιι.

963 2949 1183 3017 Ηιιιιιιιιι
1205 2971 1250 3017 ιι
1272 2949 1581 3020 mmmmm.
1709 2897 1722 2926 ⁶

571 3112 923 3182 Iunii—willelmus
937 3113 1140 3196 Aljmundre,
1162 3111 1280 3177 Petrus
1302 3111 1442 3194 Faukes,
1459 3113 1624 3182 walterus
1647 3081 1839 3191 Mareeehel,
1864 3111 2029 3178 iohannes

528 3205 639 3288 Weey,
655 3201 794 3265 Jaoobus
816 3201 856 3264 de
879 3199 1031 3284 Depdale‚
1055 3199 1168 3264 Simon
1183 3201 1224 3265 de
1240 3199 1435 3277 Shuldham‚
1450 3200 1565 3264 Petrus
1581 3198 1852 3284 Ohaumberleyn,
1866 3199 2029 3265 Johannes

528 3291 716 3368 Hamound,
738 3288 843 3352 Adam
873 3286 1059 3365 Hemound‚
1087 3287 1204 3352 Petrus
1229 3287 1318 3352 iilius
1342 3288 1491 3367 walteri,
1514 3288 1675 3354 Robertus
1697 3288 1738 3354 de
1762 3288 1968 3374 Willington
1994 3293 2028 3353 et

527 3377 715 3448 willelmus
729 3376 769 3440 de
783 3374 895 3453 Helle,
910 3378 967 3459 qui
981 3375 1098 3438 dicuni
1111 3395 1171 3459 per
1184 3381 1425 3439 incrementum
1440 3396 1535 3440 suum
1550 3375 1635 3460 quod
1646 3399 1700 3438 :-

571 3569 735 3636 iohannes
761 3568 892 3654 Oolvyle
917 3574 1009 3632 tenet
1033 3569 1079 3634 di.
1095 3569 1119 3636 f.
1135 3589 1180 3633 m.
1207 3570 1243 3632 in
1267 3568 1465 3648 Wmsoxm,
1480 3569 1582 3638 Wnsm
1606 3568 1751 3637 Wlmon
1774 3574 1808 3634 ei
1822 3569 1965 3639 Wmeoi
1987 3571 2027 3634 de

527 3661 675 3745 episeopo
689 3658 829 3735 lulensi,
842 3658 927 3741 quod
943 3656 1128 3723 Willelmue
1142 3656 1184 3719 de
1198 3656 1331 3740 Oolvyle
1345 3657 1508 3741 quondam
1522 3657 1632 3722 tenuit
1742 3696 1754 3709 -
1844 3694 1856 3709 ·
1943 3678 2028 3725 xxa.

570 3807 734 3874 Robertus
746 3804 789 3867 de
804 3802 991 3881 Hekebeeh‚
1006 3802 1192 3871 Willelmus
1207 3803 1307 3867 Lovel
1322 3806 1361 3873 et,
1371 3802 1538 3867 Johmnes
1551 3802 1679 3869 Denver
1693 3808 1808 3869 tenent
1828 3803 1874 3869 di.
1892 3805 1915 3870 f.
1931 3824 1976 3870 m.
1992 3805 2025 3869 in

527 3894 681 3973 Wlmon,
697 3892 797 3960 Wmsi
810 3890 957 3959 Wlmon
971 3898 1003 3954 et
1019 3890 1214 3957 Eumenem
1229 3891 1270 3955 de
1294 3891 1445 3975 episeopo
1468 3890 1611 3975 Elyensi
1639 3891 1726 3975 quod
1751 3888 1918 3957 Johennee
1941 3892 2027 3956 iilius

529 3980 656 4045 Oeberti
670 3988 705 4044 et
719 3979 854 4063 Egeline
869 3984 975 4042 maier
989 3979 1060 4064 ejus
1075 3978 1238 4064 quondam
1253 3982 1433 4043 tenuerunt
1539 4017 1550 4030 ·
1641 4018 1651 4029 -
1742 4018 1753 4031 ·
1844 4019 1854 4030 -
1943 4000 1993 4046 xx.
2000 4000 2026 4046 e.

570 4126 753 4196 Willelmue
775 4124 875 4189 lovel
901 4130 935 4189 ei
958 4132 1108 4189 tenentes
1133 4126 1184 4189 eui
1207 4129 1324 4188 tenent
1345 4126 1480 4189 terciam
1496 4130 1623 4209 partem
1637 4124 1662 4211 j.
1678 4123 1701 4190 i.
1719 4146 1763 4191 m.
1779 4128 1813 4189 in
1830 4125 1973 4194 Wmon
1987 4126 2027 4191 de

526 4217 646 4280 eomite
661 4213 874 4294 Glouoeetrie,
890 4212 975 4297 qnod
989 4211 1156 4276 iohannes
1172 4212 1271 4276 Lovel
1285 4212 1395 4276 tenuit
1462 4252 1473 4264 -
1564 4252 1574 4263 -
1665 4252 1676 4264 -
1768 4253 1778 4263 -
1866 4214 1892 4299 j.
1908 4232 2070 4281 meroe.¹

569 4362 733 4428 Johannes
751 4359 869 4424 Avenel
885 4364 920 4423 et
933 4358 1083 4423 Johanne
1096 4379 1177 4423 uxor
1189 4360 1274 4445 ejus,
1288 4358 1449 4425 Robertue
1463 4358 1504 4423 de
1520 4357 1662 4423 causton
1677 4364 1711 4421 et
1726 4357 1861 4423 heredes
1877 4357 1945 4440 Ide,
1966 4383 2027 4448 que

524 4453 591 4515 fuit
614 4471 694 4515 uxor
717 4447 873 4516 Willelmi
901 4446 1052 4525 Bataille,
1075 4450 1189 4512 tenent
1214 4448 1351 4510 terciam
1379 4452 1504 4528 perlem
1534 4446 1559 4532 j.
1585 4446 1608 4511 f.
1636 4466 1680 4511 m.
1708 4448 1743 4510 in
1769 4446 1961 4515 l’muaron
1986 4450 2027 4513 de

525 4538 673 4604 iohanne
702 4534 838 4599 Bardolf
862 4535 903 4598 de
931 4534 1156 4619 Wyrmegeye,
1185 4535 1271 4621 quod
1300 4533 1487 4604 Willelmue
1522 4534 1660 4597 Howard
1691 4541 1726 4597 et
1761 4536 1940 4618 pereeuarii
1977 4537 2027 4600 eui

524 4625 687 4712 quondam
701 4628 880 4687 tenuerunt
960 4658 1782 4674 ·········
1868 4621 2025 4708 imma.

570 4772 666 4836 Idem
681 4770 845 4836 Johannes
860 4768 983 4834 Avenei
997 4774 1034 4834 ei
1047 4766 1200 4835 Johanne
1215 4789 1295 4833 uxor
1308 4769 1380 4855 ejus
1395 4774 1511 4832 tenent
1526 4774 1675 4854 quartam
1697 4774 1824 4853 partem
1847 4768 1874 4855 j.
1890 4770 1913 4835 i.
1930 4790 1975 4837 m.
1991 4772 2025 4835 in

525 4862 723 4927 mammon
739 4858 780 4922 de
795 4858 907 4921 eodem
922 4855 1072 4921 Johenne
1091 4856 1230 4936 Bardolf,
1245 4857 1331 4941 quod
1346 4856 1463 4920 Petrus
1478 4856 1566 4920 filius
1589 4854 1748 4919 Johennis
1770 4856 1811 4920 de
1837 4856 2027 4944 Spaldyngg

524 4948 687 5034 quondam
702 4947 813 5011 tenuit
850 4980 1874 4997 ···········
1962 4966 2024 5012 xa.

566 5094 732 5161 lohannes
760 5094 801 5158 de
837 5092 979 5178 'l'ylneye
1014 5113 1090 5158 eum
1118 5092 1314 5175 pereemriis
1343 5092 1410 5156 suis
1440 5095 1556 5157 veneni
1586 5089 1672 5175 xij⁸¹¹¹
1702 5096 1832 5175 partem
1860 5090 1885 5158 f.
1915 5112 1960 5158 m.
1991 5094 2025 5157 in

524 5184 715 5251 Tmememou
731 5183 772 5246 de
786 5180 807 5245 J
809 5180 935 5245 ohanne
950 5180 1097 5259 Bardoli,
1109 5181 1195 5263 quod
1209 5179 1231 5242 J
1232 5177 1375 5245 ohannes
1389 5178 1429 5243 de
1444 5176 1567 5262 Fytton
1590 5186 1624 5242 et
1650 5176 1824 5262 Philippus
1848 5178 1889 5243 de
1915 5178 2026 5245 Fenne

523 5272 685 5355 quondam
700 5274 878 5333 tenuerunt
926 5303 1850 5321 ··········
1939 5267 1982 5333 xl.
1990 5267 2023 5333 d.

566 5417 670 5480 Adam
684 5416 725 5479 de
736 5414 889 5479 Belshnm
903 5434 979 5477 eum
995 5412 1189 5495 perceueril·
1204 5411 1272 5475 suis
1286 5415 1401 5475 tenent
1416 5410 1498 5499 xijm
1515 5416 1643 5494 partem
1656 5411 1682 5497 j.
1694 5410 1716 5476 i.
1729 5429 1773 5476 m.
1781 5412 1817 5474 in
1833 5412 2024 5481 Tnmemon

522 5506 563 5569 de
587 5503 737 5569 Johme
764 5500 907 5580 Bardolf,
933 5499 1018 5585 quod
1043 5497 1228 5567 Willelmus
1257 5498 1344 5563 iilius
1370 5496 1531 5564 Johannie
1553 5497 1708 5562 Monachi
1736 5504 1771 5563 et
1799 5505 1949 5575 tenentes
1974 5501 2024 5565 eui

521 5591 685 5678 quondm
699 5594 879 5655 tenuerunt
923 5624 1848 5639 ··········
1934 5584 2022 5655 xld.

556 5734 732 5800 lohannes
755 5731 891 5797 Burdolf
910 5731 953 5795 de
978 5731 1204 5815 Wyrmegeye,
1226 5730 1325 5795 abbas
1346 5731 1387 5794 de
1402 5727 1544 5793 Derham
1559 5734 1592 5794 el
1607 5728 1743 5795 heredes
1756 5728 1915 5797 iohanni·
1930 5729 2023 5797 Neon

521 5828 637 5887 tenent
652 5821 689 5909 ij.
705 5822 728 5886 f.
743 5841 789 5885 m.
804 5821 840 5883 in
855 5819 1011 5886 Tuum
1026 5824 1060 5881 et
1075 5818 1294 5888 Wiommu
1309 5817 1350 5881 de
1364 5816 1498 5881 domino
1512 5838 1597 5905 rege,
1611 5819 1697 5904 quod
1712 5816 1812 5903 Hugo
1838 5818 1974 5883 Barduli
1989 5826 2025 5883 el

522 5914 671 5977 tenentes
685 5909 736 5973 sui
751 5906 914 5993 quondam
929 5911 1108 5971 tenuerunt
1125 5904 1225 5987 (unde
1240 5904 1351 5990 porcio
1365 5904 1494 5971 abbatis
1508 5906 1534 5992 j.
1550 5904 1574 5971 i.
1590 5912 1626 5971 et
1641 5904 1714 5992 viij·
1736 5926 1809 5989 pars
1822 5904 1848 5993 j.
1863 5906 1898 5986 i.)
1924 5906 2026 5994 iiiiii.
