5000 7050
557 1089 619 1151 120
1170 1084 1435 1152 LEICESTER.

597 1376 646 1439 De
670 1375 842 1459 Radulpho
868 1376 995 1460 Shirley
1018 1396 1076 1459 pro
1103 1377 1203 1439 tercia
1226 1380 1318 1459 parte
1341 1360 1395 1439 uu.
1412 1372 1436 1439 f.
1453 1395 1497 1439 m.
1514 1394 1612 1457 quam
1637 1377 1726 1437 tenet
1748 1374 1784 1436 in
1811 1374 1991 1439 Rsonnsnn
2017 1378 2051 1435 et

553 1464 913 1635 iiihiiods’odtqiuam
943 1464 1042 1549 Hugo
1065 1464 1212 1547 Meynyll
1236 1464 1402 1546 quondam
1432 1465 1540 1526 tenuit
1569 1461 1701 1539 ibidem,
1731 1466 1793 1526 ete.
1851 1460 2053 1537 Subsidium,

599 1685 647 1747 De
672 1686 786 1749 eodem
812 1685 984 1771 deulpho
1007 1708 1066 1771 pro
1090 1690 1205 1771 quarta
1230 1690 1324 1770 purte
1344 1686 1440 1751 uni.
1458 1705 1617 1770 mquam
1641 1690 1732 1749 tenet
1746 1686 1781 1748 in
1797 1685 2004 1763 Rsuuunnrn,
2021 1688 2055 1747 et

556 1792 655 1855 quam
669 1772 860 1858 Radulphus
875 1775 991 1839 Basset
1004 1776 1167 1858 quondam
1181 1775 1291 1838 tenuit
1306 1774 1438 1851 ibidem,
1453 1778 1516 1838 etc.
1562 1772 1762 1850 Subsidium,
1778 1775 1868 1838 und.

600 1907 648 1971 De
664 1908 746 1973 duee
761 1909 938 1973 Norffolcie
952 1932 1009 1993 pro
1024 1915 1140 1995 quarta
1154 1916 1247 1993 parte
1264 1931 1319 1974 un.
1336 1911 1358 1975 f.
1375 1930 1419 1973 m.
1435 1930 1533 1993 quam
1548 1914 1641 1973 tenet
1655 1909 1690 1973 in
1708 1909 1871 1986 Snonsvn,
1897 1913 1931 1971 et
1957 1928 2056 1991 quarn

557 1994 719 2059 Johannes
735 1996 872 2081 Segrave
887 1999 1050 2081 quondam
1065 2000 1176 2063 tenuit
1190 1998 1324 2078 ibidem,
1340 2003 1402 2062 eto.
1451 1997 1654 2075 Subsidium,
1668 2018 1719 2062 xx.
1732 1995 1765 2061 d.

600 2134 649 2197 De
664 2134 685 2197 J
687 2132 813 2198 ohanne
830 2134 994 2219 Germayn
1009 2157 1067 2219 pro
1082 2140 1197 2219 quarta
1213 2140 1305 2218 parte
1320 2156 1376 2200 un.
1393 2135 1416 2201 f.
1433 2156 1476 2200 m.
1493 2154 1591 2219 quam
1613 2140 1706 2198 teneb
1730 2135 1765 2197 in
1793 2135 1996 2213 Oosruesou,
2021 2140 2056 2197 et

556 2241 656 2304 quam
671 2221 784 2286 Simon
800 2222 941 2285 German
956 2225 1118 2307 quondam
1134 2229 1245 2287 tenuit
1259 2223 1395 2299 ibidem,
1410 2232 1473 2288 eto.
1521 2222 1721 2302 Subsidium,
1738 2224 1827 2287 und.

601 2360 650 2422 De
665 2360 809 2444 Hugone
824 2360 1022 2445 Wiloughby
1039 2383 1097 2445 pro
1112 2366 1227 2445 quarta
1241 2366 1333 2445 perte
1357 2382 1411 2425 un.
1429 2362 1452 2425 f.
1468 2381 1515 2424 m.
1530 2382 1629 2446 quam
1643 2364 1736 2424 tenet
1751 2361 1786 2423 in
1802 2360 2006 2439 Cosruesou,
2023 2366 2059 2423 et

555 2468 653 2529 quam
669 2446 771 2510 Lucia
785 2449 825 2511 de
842 2448 1018 2512 Somervile
1034 2450 1197 2533 quondam
1211 2450 1322 2512 tenuit
1336 2449 1470 2529 ibidem,
1487 2456 1550 2513 eto.
1598 2448 1796 2527 Subsidium,
1813 2450 1903 2514 und.

600 2587 647 2648 De
662 2586 800 2650 Ricardo
815 2586 945 2650 Walshe
960 2609 1017 2670 pro
1031 2589 1133 2651 tercia
1148 2593 1242 2671 parte
1257 2609 1313 2652 un.
1330 2588 1352 2651 f.
1368 2608 1411 2651 m.
1428 2589 1462 2651 in
1490 2588 1615 2664 Ouum,
1636 2608 1734 2671 quam
1759 2586 1899 2650 Thomas
1926 2585 2058 2649 Walshe

555 2674 718 2755 quondam
734 2675 842 2737 tenuit
856 2675 989 2752 ibidem,
1003 2683 1066 2741 eto.
1114 2675 1314 2753 Subsidium,
1329 2676 1399 2759 ijs.
1416 2675 1490 2758 ij.cl.
1508 2678 1554 2741 ob.
1571 2684 1621 2759 q‘¹.

600 2810 649 2872 De
675 2810 806 2875 Riosrdi
832 2812 960 2875 Vemon
984 2833 1042 2896 pro
1066 2813 1243 2876 medietate
1267 2812 1360 2877 uni.
1379 2834 1537 2896 mquam
1561 2817 1651 2877 tenet
1677 2814 1711 2876 in
1729 2813 2008 2885 Nursnnsnurnm
2022 2816 2057 2874 et

556 2918 654 2981 quam
669 2899 809 2963 Jacobus
824 2898 965 2963 Statiord
980 2901 1142 2983 quondam
1158 2902 1269 2963 tenuit
1281 2901 1415 2980 ibidem,
1433 2910 1494 2965 eto.
1541 2900 1742 2979 Subsidium,
1758 2898 1839 2983 iij.s.
1857 2900 1956 2983 iiiju.

600 3037 649 3100 De
665 3036 837 3121 Radulpho
853 3036 989 3122 Shyrley
1003 3059 1060 3121 pro
1075 3040 1254 3103 medietate
1269 3060 1325 3104 un.
1342 3040 1365 3104 f.
1381 3061 1425 3105 m.
1441 3060 1538 3123 quam
1554 3046 1645 3103 tenet
1659 3040 1693 3103 in
1712 3040 1900 3117 Swnnsnou,
1914 3045 1946 3101 et
1959 3058 2056 3123 quarn

556 3126 586 3187 N
588 3125 732 3188 ioholaus
746 3124 900 3189 Charnels
914 3127 1076 3209 quondam
1091 3128 1200 3190 tenuit
1213 3127 1349 3206 ibidem,
1366 3133 1427 3192 eto.
1475 3128 1675 3205 Subsidium,
1690 3127 1770 3211 iiis.
1786 3127 1844 3211 iiij.
1854 3128 1884 3191 ci.

600 3264 648 3327 De
671 3262 819 3329 Johanne
845 3264 956 3327 Scotte
979 3270 1013 3328 et
1039 3266 1185 3329 Johanne
1205 3266 1273 3329 filio
1292 3266 1314 3329 J
1315 3266 1449 3329 ohannis
1465 3266 1577 3330 Sootte
1592 3287 1650 3350 pro
1664 3270 1781 3349 quarte
1796 3270 1889 3349 parte
1904 3286 1959 3330 un.
1975 3264 1998 3327 f.
2014 3286 2059 3329 m.

555 3372 655 3434 quam
680 3358 795 3415 tenent
824 3353 859 3414 in
890 3353 1033 3417 anrou
1060 3354 1229 3431 Boseude,
1253 3360 1287 3417 et
1316 3375 1413 3438 quem
1437 3352 1600 3417 Johannes
1627 3352 1793 3438 Burgylon
1819 3373 1922 3436 nuper
1947 3354 2058 3417 tenuit

556 3439 689 3518 ibidem,
705 3447 768 3505 eto.
815 3439 1016 3515 Subsidium,
1031 3442 1119 3505 und.

600 3577 649 3640 De
664 3576 838 3661 Radulpho
854 3577 1001 3662 Shyrley,
1015 3580 1185 3664 armigero,
1201 3600 1258 3661 pro
1274 3580 1451 3644 medietate
1468 3600 1521 3644 un.
1538 3581 1561 3644 i.
1576 3600 1731 3663 mquam
1747 3583 1842 3642 tenet
1856 3579 1891 3640 in
1909 3579 2058 3646 Sasurou

557 3665 696 3731 Haeduo
720 3672 759 3729 ut
783 3666 822 3729 de
842 3666 915 3750 jure
941 3666 1138 3749 Magnete,
1164 3669 1271 3730 uxoris
1294 3689 1361 3746 sue,
1385 3674 1419 3731 et
1441 3689 1540 3752 quem
1566 3666 1706 3730 Thomas
1730 3665 1797 3731 con
1823 3686 1926 3750 nuper
1947 3667 2060 3728 tenuit

556 3753 689 3831 ibidem,
704 3761 766 3817 etc.
810 3748 1010 3832 Subsidium,
1024 3754 1106 3839 iiia.
1123 3754 1223 3840 iiij.‹t.

600 3889 648 3952 De
663 3890 767 3954 Alano
782 3889 1027 3954 Chaumbemon
1042 3912 1098 3974 pro
1113 3897 1229 3975 quarta
1244 3899 1336 3976 parte
1351 3912 1407 3958 un.
1424 3893 1446 3957 f.
1461 3912 1507 3956 m.
1523 3911 1621 3977 quam
1636 3895 1728 3955 tenet
1750 3892 1784 3954 in
1800 3891 2058 3958 Wonunruorou

556 3984 599 4131 {tx
616 3978 794 4130 gnaeum,
823 3986 857 4042 et
882 4000 981 4061 quam
1005 3979 1127 4042 Alanus
1152 3978 1283 4044 Rohaut
1297 3980 1460 4063 quondam
1476 3982 1584 4044 tenuit
1597 3979 1731 4060 ibidem,
1747 3983 1810 4046 etc.
1857 3977 2056 4056 Subsidium,

600 4204 647 4267 De
661 4204 800 4268 Roberbo
815 4205 901 4269 Ivers
915 4227 974 4289 pro
989 4207 1091 4269 tercia
1105 4209 1198 4289 parte
1213 4207 1304 4272 uni.
1318 4227 1470 4290 mquam
1487 4210 1580 4270 tenet
1595 4207 1629 4269 in
1645 4205 1785 4272 Bnuoou
1800 4225 1875 4268 oum
1891 4203 2059 4282 membris,

554 4298 593 4444 ΣΞ
615 4313 712 4463 {pam
737 4292 905 4357 Johannes
928 4293 1040 4378 Dryby
1066 4293 1228 4378 quondam
1255 4295 1364 4358 tenuit
1390 4294 1525 4371 ibidem,
1550 4301 1612 4358 ete.
1658 4293 1859 4371 Subsidium,
1881 4291 1952 4378 ij.s.
1977 4290 2056 4378 iju.

598 4518 646 4582 De
672 4518 795 4582 Thoma
821 4520 928 4584 Grene
954 4541 1012 4604 pro
1037 4527 1152 4604 quarta
1177 4525 1269 4604 parte
1291 4541 1346 4585 un.
1363 4521 1385 4584 f.
1402 4542 1446 4585 m.
1464 4541 1561 4605 quam
1577 4525 1671 4583 tenet
1693 4520 1727 4582 in
1755 4520 2002 4596 Kneenwoerm
2024 4525 2058 4582 et

555 4626 654 4689 quam
669 4607 830 4670 Robertus
845 4607 971 4692 Pstryk
986 4610 1148 4693 quondam
1163 4610 1270 4672 tenuit
1284 4609 1419 4688 ibidem,
1435 4615 1496 4672 ete.
1543 4607 1742 4686 Subsidium,
1758 4629 1808 4672 xx.
1816 4609 1848 4672 ci.

599 4744 647 4807 De
672 4745 754 4807 duee
778 4745 950 4809 Norffoleie
975 4767 1034 4830 pro
1057 4743 1173 4829 quarta
1195 4752 1287 4829 parte
1313 4767 1368 4812 un.
1386 4747 1409 4811 f.
1427 4766 1585 4828 mquam
1611 4749 1702 4808 benet
1727 4745 1764 4807 in
1791 4746 2009 4821 Drsnwonsm
2024 4749 2058 4808 eb

555 4853 654 4914 quam
670 4829 835 4896 Johannes
850 4832 987 4919 Segrave
1001 4834 1166 4916 quondam
1180 4835 1291 4898 tenuit
1304 4835 1439 4913 ibidem,
1455 4839 1515 4897 eto.
1562 4833 1759 4910 Subsidium,
1774 4835 1862 4898 und.

599 4986 648 5049 De
663 4985 835 5070 Radulpho
849 4986 976 5073 Shirley
990 5009 1048 5072 pro
1063 4988 1239 5052 medietate
1255 5010 1310 5052 un.
1327 4990 1350 5053 f.
1366 5009 1409 5053 m.
1425 5009 1524 5072 quam
1540 4993 1631 5052 tenet
1646 4989 1681 5049 in
1696 4983 1877 5064 Whennou,
1900 4991 1934 5050 et
1958 5007 2056 5070 quarn

555 5073 746 5157 Radulphus
761 5074 876 5138 Basseb
889 5077 1053 5159 quondam
1069 5077 1177 5140 tenuit
1191 5075 1327 5152 ibidem,
1341 5081 1403 5140 eto.
1449 5075 1651 5155 Subsidium,
1666 5074 1747 5160 iiie.
1764 5073 1862 5159 iiij.d.

598 5226 647 5289 De
663 5224 786 5290 Thomu
802 5226 949 5311 Assheby
964 5249 1021 5312 pro
1035 5235 1150 5313 quarta
1165 5233 1256 5312 parte
1271 5248 1326 5291 un.
1344 5227 1366 5292 i.
1382 5249 1425 5290 m.
1443 5246 1541 5310 quam
1556 5231 1648 5289 tenet
1662 5225 1698 5288 in
1713 5225 1894 5304 Wuasuou,
1910 5229 1943 5288 et
1959 5245 2057 5308 quam
2088 5179 2093 5190 ι

555 5314 738 5378 willelmus
753 5315 881 5379 Bredon
895 5336 997 5400 nuper
1012 5319 1121 5380 tenuit
1136 5316 1270 5394 ibidem,
1286 5321 1349 5380 eto.
1395 5313 1599 5390 Subsidium,
1614 5313 1702 5378 xnd.

602 5465 646 5528 De
669 5464 792 5528 Thoma
820 5464 1014 5528 'Beaumond
1044 5486 1101 5548 pro
1130 5471 1245 5548 quarta
1274 5469 1368 5548 parte
1391 5485 1446 5528 un.
1474 5464 1497 5529 f.
1528 5486 1571 5529 m.
1598 5483 1697 5548 quam
1724 5470 1817 5528 tenet
1839 5465 1874 5526 in
1902 5463 2056 5530 Ovnnrou

556 5552 812 5720 gssiffiffisff}
830 5562 878 5704 det
916 5573 1014 5637 quam
1050 5553 1189 5616 Thomas
1226 5553 1436 5616 Mewreward
1473 5551 1636 5635 quondam
1673 5553 1781 5615 tenuit
1817 5551 1950 5630 ibidem,
1993 5557 2057 5617 ete.

598 5773 646 5837 De
661 5773 803 5836 Henrieo
819 5773 1005 5837 Beaumond
1022 5797 1079 5858 pro
1094 5776 1198 5839 tribus
1213 5775 1362 5858 partibus
1376 5797 1431 5839 un.
1448 5776 1470 5838 f.
1487 5797 1531 5838 m.
1547 5793 1626 5858 quas
1641 5779 1735 5837 tenet
1751 5774 1785 5836 in
1803 5774 2057 5840 Louunnnuuon

554 5881 629 5924 oum
653 5860 808 5924 membris
833 5862 911 5938 suis,
928 5881 993 5924 non
1021 5863 1219 5945 respondent
1244 5885 1282 5926 eo
1308 5863 1395 5945 quod
1423 5871 1569 5926 remanet
1596 5863 1631 5924 in
1658 5860 1805 5925 manibus
1830 5863 1915 5946 regis
1930 5863 2058 5924 rseione

555 5948 689 6011 minoris
702 5950 798 6012 etatis
815 5948 961 6034 ejusdem
977 5950 1123 6032 Henrioi,
1139 5959 1200 6015 eto.
1248 5949 1446 6032 Subsidium,
1461 5948 1555 6014 nihil.
