5000 7050
554 1052 617 1115 134
1201 1049 1406 1118 LINGOLN.

593 1336 642 1400 De
665 1336 805 1401 Isabella
828 1338 869 1402 de
887 1338 987 1403 Wclle
1011 1342 1144 1404 tenente
1169 1342 1235 1403 tres
1248 1342 1360 1422 partes
1369 1336 1397 1422 j.
1413 1339 1436 1404 f.
1453 1339 1488 1401 in
1504 1336 1704 1405 Geminam
1720 1341 1755 1400 et
1770 1335 1948 1414 Nimim,
1963 1354 2045 1419 quat

553 1423 714 1489 Robertus
729 1426 771 1489 de
787 1426 890 1490 Welle
903 1427 1068 1510 quondam
1083 1427 1204 1493 tenuit.

595 1574 644 1637 De
658 1574 822 1638 Willelmo
836 1576 875 1639 de
891 1574 1014 1659 Cateby
1028 1580 1161 1639 tenente
1176 1576 1222 1639 di.
1239 1575 1263 1639 f.
1278 1576 1315 1637 in
1343 1574 1481 1655 Girrei,
1505 1575 1590 1659 quod
1616 1574 1638 1637 J
1639 1572 1781 1638 ohannes
1805 1574 1845 1638 dc
1870 1572 1992 1657 Oateby
2016 1578 2051 1636 et

551 1663 724 1745 participes
738 1666 789 1727 sui
803 1664 964 1748 quondam
980 1668 1167 1728 tenuerunt.

594 1809 644 1873 Dc
659 1811 811 1895 Philippo
825 1812 866 1875 de
881 1810 1035 1895 Chauncy
1050 1815 1183 1875 tenente
1197 1815 1265 1876 ires
1281 1818 1386 1895 partes
1401 1817 1435 1875 et
1452 1811 1508 1897 xij.
1525 1816 1653 1897 partem
1669 1832 1726 1877 un.
1743 1810 1766 1877 f.
1780 1810 1815 1875 in
1833 1809 2005 1879 Swrrtnoe.

593 1963 643 2028 De
657 1966 761 2047 priore
776 1965 817 2028 de
831 1963 1039 2049 Alvyngham
1052 1969 1186 2029 tenente
1202 1966 1246 2049 vj.
1264 1969 1390 2049 partem
1405 1984 1461 2030 un.
1479 1965 1501 2030 f.
1519 1965 1555 2029 in
1574 1965 1747 2042 Semnoi»,
1761 1985 1860 2048 quam
1876 1962 2052 2047 Philippus

553 2052 594 2115 de
609 2050 760 2136 Chauncy
775 2052 938 2137 quondam
955 2053 1073 2118 tenuit.

595 2204 644 2267 De
659 2204 802 2269 Robcrto
816 2206 922 2289 Tyliol
937 2209 1070 2270 tenente
1083 2172 1150 2270 tres
1173 2210 1281 2289 partes
1303 2226 1359 2272 nn.
1377 2206 1400 2273 f.
1417 2208 1452 2269 in
1478 2207 1693 2285 Fovtsrowr,
1718 2226 1798 2289 ques
1825 2162 1986 2269 Robertus
2010 2205 2051 2268 dc
2169 2173 2175 2183 ι

553 2291 698 2356 Lasceles
712 2292 876 2376 quondam
891 2293 1011 2359 tenuit.

595 2445 645 2508 De
659 2445 782 2508 Thomu
797 2445 838 2508 de
854 2444 1001 2509 Ipscelec
1014 2448 1149 2509 tenente
1164 2444 1210 2511 di.
1226 2443 1250 2509 f.
1266 2445 1301 2507 in
1319 2445 1495 2513 swmowc.

596 2598 644 2660 De
665 2597 832 2660 Willelmo
858 2595 960 2661 Caute
983 2602 1019 2660 et
1042 2597 1116 2660 aliis
1142 2595 1332 2660 tenentibus
1350 2598 1379 2682 j.
1408 2599 1431 2662 f.
1449 2600 1483 2661 in
1499 2599 1635 2663 Arcum
1653 2601 1780 2677 (rectius
1796 2599 1951 2677 Aurem),
1966 2596 2051 2682 quod

551 2686 683 2749 domine
697 2686 876 2748 Theofanie
890 2692 923 2748 ct
937 2686 1110 2768 participes
1126 2685 1178 2747 sui
1192 2685 1357 2768 quondam
1372 2690 1562 2750 tenuerunt.

596 2838 645 2903 De
659 2837 806 2902 Gilbcrio
820 2837 956 2920 Dorteys
971 2843 1107 2902 tenente
1122 2835 1202 2921 vjtun
1218 2842 1343 2920 partem
1360 2838 1396 2900 in
1412 2837 1582 2901 Timum.

596 2994 645 3057 De
659 2995 765 3077 priore
780 2993 821 3055 de
840 2991 967 3077 Syxhill
982 2996 1113 3056 tenente
1128 2992 1263 3057 terciam
1280 2996 1406 3075 partem
1421 3010 1478 3055 un.
1495 2992 1518 3055 f.
1536 2992 1571 3053 in
1589 2989 1759 3071 Tutum,
1770 3010 1868 3074 quem
1884 2989 2050 3053 Gilbertus

554 3082 673 3167 Dortys
689 3081 852 3165 quondam
867 3081 986 3145 tenuit.

491 3312 496 3323 υ
598 3233 646 3296 De
661 3232 796 3296 osberto
811 3232 964 3297 coleman
978 3237 1113 3296 tenente
1127 3230 1189 3318 iiij.
1206 3236 1316 3315 partes
1331 3231 1377 3295 di.
1394 3232 1417 3295 f.
1434 3234 1469 3293 ct
1483 3236 1559 3315 mJ¹¹
1579 3234 1707 3311 partem
1721 3229 1747 3315 j.
1764 3228 1788 3294 f.
1801 3250 1880 3312 quas
1891 3230 2051 3294 Walterus
2089 3286 2094 3297 .

555 3320 640 3384 lilius
655 3320 811 3384 Willelmi
828 3326 863 3384 et
878 3319 1061 3383 Willelmus
1076 3320 1117 3383 de
1132 3319 1267 3403 Bleseby
1282 3320 1318 3381 in
1333 3318 1497 3385 Wlmrsssr
1512 3316 1675 3401 quondam
1692 3322 1877 3383 tenuerunt.

596 3474 645 3538 De
658 3474 775 3538 abbate
791 3473 831 3538 de
844 3471 992 3557 Revesby
1006 3476 1141 3537 tenente
1155 3472 1200 3538 xl.
1215 3476 1343 3557 partem
1357 3471 1382 3559 j.
1398 3472 1422 3537 f.
1438 3474 1473 3535 in
1488 3471 1635 3556 predicta
1649 3470 1737 3552 villa,
1763 3491 1860 3555 quam
1885 3472 2052 3557 predictus

555 3563 719 3626 Walterus
733 3566 768 3626 et
784 3562 966 3625 Willelmus
981 3561 1142 3646 quondam
1156 3566 1342 3625 tenuerunt.

597 3719 647 3782 De
671 3719 776 3803 priore
800 3717 840 3781 de
865 3716 983 3781 Sixhill
1004 3720 1136 3779 tenente
1160 3715 1197 3801 lj.
1215 3719 1342 3798 partem
1360 3713 1387 3799 j.
1402 3713 1427 3780 f.
1443 3715 1479 3778 in
1504 3712 1651 3798 predicta
1674 3713 1763 3793 ville,
1786 3735 1885 3798 quam
1911 3718 2053 3801 predicti

411 3828 418 3848 ¹
556 3807 716 3871 Walterus
730 3809 765 3869 et
780 3805 963 3868 Willelmue
977 3803 1139 3887 quondam
1154 3808 1344 3868 tenuerunt.

597 3960 647 4024 De
657 3959 972 4041 RicardoDaumpcr
982 3961 1116 4020 tenente
1131 3957 1155 4042 j.
1166 3957 1190 4024 f.
1201 3957 1238 4019 in
1255 3957 1412 4024 Krtrrsm
1426 3962 1560 4041 excepta
1575 3963 1652 4024 xrml
1665 3963 1757 4041 parte
1771 3915 1870 4041 quam
1886 3957 2054 4024 Galfridus

555 4048 596 4111 de
611 4047 709 4112 Nevil
725 4046 889 4132 quondam
904 4045 1026 4110 tenuit.

597 4184 648 4250 De
662 4187 770 4269 priore
786 4185 826 4247 de
841 4183 996 4267 Ormesby
1011 4186 1145 4248 tenente
1157 4202 1209 4246 xx.
1227 4187 1357 4266 partem
1372 4183 1512 4267 predicti
1536 4183 1559 4249 f.
1576 4204 1674 4268 quam
1699 4183 1862 4267 predictus
1886 4184 2054 4251 Gelfridus

493 4328 501 4338 .
555 4273 718 4359 quondam
733 4272 853 4338 tenuit.

598 4413 647 4475 De
662 4414 768 4497 priore
782 4411 823 4475 de
838 4409 1034 4473 Thornholm
1048 4413 1182 4472 tenente
1192 4407 1221 4490 j.
1238 4408 1262 4471 f.
1278 4409 1312 4472 in
1329 4409 1566 4476 Kmmcrort.

545 4537 548 4540 ⁴
598 4551 647 4614 De
661 4549 825 4613 Willclmo
850 4548 920 4611 filio
945 4546 1046 4630 Gleyc
1071 4550 1205 4610 tenente
1229 4567 1286 4612 un.
1312 4549 1335 4613 f.
1359 4550 1395 4611 in
1424 4549 1687 4615 memcnomr
1713 4553 1748 4613 et
1776 4549 1942 4629 Sinum,
1967 4552 2053 4635 quod

556 4639 717 4702 Walterus
732 4639 771 4700 de
786 4633 1034 4719 Kelwyngholm
1048 4633 1212 4715 quondam
1228 4637 1349 4702 tenuit.

598 4776 647 4839 De
662 4773 962 4947 Gilalgertoffortays
976 4776 1110 4836 tenente
1125 4772 1205 4861 vj²¹¹²
1221 4779 1347 4858 partem
1364 4773 1389 4860 J'.
1405 4773 1429 4840 f.
1446 4775 1482 4837 in
1498 4774 1691 4841 innurem.
1744 4771 1829 4860 [The
1855 4797 1940 4842 sanic
1963 4787 2054 4860 entry

556 4886 691 4947 appears
745 4885 809 4928 ove.

599 5000 647 5062 Dc
662 4998 832 5081 Radulpho
847 4997 888 5061 dc
902 4994 1098 5060 Trehcmton
1113 5001 1248 5060 tenente
1264 5018 1322 5062 un.
1337 4998 1361 5061 l.
1378 4997 1412 5059 in
1428 4998 1512 5072 Lm.

600 5137 647 5200 Dc
662 5136 825 5199 Willelmo
840 5136 880 5199 de
896 5133 1036 5198 Gendale
1049 5140 1185 5198 tenente
1200 5135 1246 5200 di.
1263 5135 1286 5200 f.
1304 5146 1438 5218 excepta
1453 5135 1558 5220 xxiiij·
1572 5141 1662 5218 parte
1676 5135 1701 5221 j.
1714 5137 1735 5201 f.
1753 5137 1789 5198 in
1804 5135 2053 5218 Hmmswrm,

556 5227 641 5310 quod
656 5223 840 5286 Willelmus
855 5222 942 5285 lilius
958 5220 1125 5305 Ranulphi
1139 5223 1302 5305 quondam
1318 5225 1437 5286 tenuit.
1742 5287 1747 5298 ,

599 5366 648 5427 De
662 5363 819 5448 magistro
834 5361 955 5424 milicie
969 5362 1096 5445 Templi
1111 5366 1248 5426 tenente
1274 5363 1377 5449 xxiiij.
1401 5366 1528 5447 partem
1553 5362 1743 5445 predictam,
1768 5383 1867 5446 quam
1891 5364 2055 5447 predictus

559 5453 739 5516 Willelmuc
754 5452 865 5514 tenuit
879 5451 914 5512 in
929 5450 1168 5516 Hmimswmt
1182 5450 1341 5533 predicta.

598 5590 647 5652 De
662 5587 803 5651 Roberto
816 5587 858 5650 de
874 5585 990 5651 Stckec
1005 5590 1135 5650 tenente
1144 5585 1173 5669 j.
1191 5588 1214 5652 f.
1232 5594 1365 5671 excepta
1380 5597 1414 5652 x*
1435 5593 1527 5672 parte
1538 5586 1565 5672 j.
1582 5587 1605 5651 f.
1617 5589 1653 5649 in
1672 5587 1958 5666 Smnmmcrou,
1969 5589 2055 5672 quod

474 5692 476 5695 ’
556 5677 724 5741 Galfridus
740 5675 780 5739 de
794 5674 903 5739 Nevill
918 5674 1081 5759 quondam
1096 5675 1219 5740 tenuit.

598 5816 647 5879 De
662 5815 818 5900 magistro
832 5810 956 5875 milicie
970 5811 1098 5894 Templi
1112 5814 1249 5876 tenente
1264 5811 1445 5896 predictam
1461 5833 1492 5879 x.
1506 5815 1632 5896 partem
1646 5812 1680 5876 iu
1696 5811 1844 5895 predicta
1854 5811 1943 5894 villa,
1956 5832 2056 5898 quem

557 5903 725 5969 Galiridus
739 5899 905 5986 predictus
919 5899 1085 5985 quondam
1098 5899 1219 5965 tenuit.
