5000 7050
549 1102 613 1169 362
1193 1097 1400 1166 LINOOLN.

592 1392 690 1476 Hugo
717 1391 871 1476 Flynton,
896 1411 1031 1473 parscna
1054 1390 1187 1454 ecclesie
1213 1390 1255 1453 de
1280 1389 1408 1471 Laoeby
1423 1390 1458 1451 in
1484 1387 1645 1450 comitatu
1659 1384 1816 1468 predicto,
1832 1388 1866 1446 et
1880 1380 2045 1446 Johannes

545 1476 708 1563 Thoresby
723 1478 764 1543 de
780 1478 902 1564 Croxby
918 1480 952 1542 in
968 1478 1126 1542 comitatu
1141 1478 1301 1561 predicto,
1316 1478 1469 1561 armiger,
1479 1476 1612 1539 fuerunt
1627 1472 1731 1537 seisiti
1747 1472 1786 1534 de
1800 1471 1936 1535 diversis
1950 1469 2045 1532 terris

545 1568 794 1717 pltntesneppentis
808 1588 884 1630 oum
899 1568 965 1631 suis
980 1567 1192 1649 pertinenciis
1207 1566 1242 1627 in
1260 1565 1338 1645 Oua,
1354 1570 1389 1628 et
1403 1568 1558 1627 tenentur
1573 1583 1629 1645 per
1644 1560 1816 1624 servicium
1831 1564 1922 1621 sexte
1943 1556 2044 1640 partis

590 1806 729 1870 'Pbomas
745 1806 940 1890 Myaaenden
954 1806 995 1870 de
1012 1805 1146 1890 Helyng
1160 1807 1195 1869 in
1211 1806 1372 1869 comitatu
1388 1804 1569 1879 Lincolnie,
1585 1803 1737 1886 armiger,
1753 1800 1820 1863 fuit
1834 1800 1964 1863 seisitus
1979 1803 2040 1861 eto.

545 1895 586 1957 de
602 1895 736 1958 diversis
751 1896 844 1958 terris
860 1900 895 1957 et
910 1896 1107 1957 tenementis
1122 1914 1197 1956 cum
1223 1893 1432 1977 pertinenciis
1455 1893 1490 1953 in
1516 1892 1624 1955 Paravi
1651 1890 1766 1968 Coras,
1792 1894 1827 1951 et
1853 1888 1962 1950 valent
1986 1906 2040 1969 per

544 2002 666 2045 annum
681 1974 768 2045 ultra
782 1984 918 2066 reprisas
934 1983 1078 2066 quinque
1095 1983 1129 2047 ti.
1147 1986 1181 2044 et
1197 1986 1353 2044 tenentur
1367 1981 1402 2042 in
1416 1980 1553 2063 socagio.

588 2132 732 2218 Rogerus
757 2134 936 2197 Berneston
960 2134 1000 2197 de
1021 2132 1217 2218 Kedyngton
1244 2134 1279 2196 in
1295 2133 1453 2195 comitatu
1468 2129 1652 2207 Norffolcie,
1667 2129 1820 2211 armiger,
1834 2127 1899 2189 fuit
1913 2127 2040 2189 seisitus

545 2226 607 2285 etc.
624 2222 663 2284 de
678 2221 815 2284 diversis
830 2222 922 2284 terris
937 2242 1012 2283 cum
1027 2222 1092 2283 suis
1108 2221 1318 2304 pertinenciis
1332 2222 1367 2282 in
1383 2220 1505 2283 Maesa
1521 2219 1687 2295 deesset
1704 2216 1813 2280 valent
1838 2233 1893 2295 per
1918 2233 2038 2275 annum

544 2308 631 2371 ultra
645 2310 781 2391 reprisas
796 2311 941 2392 quinque
956 2310 990 2373 li.
1008 2314 1042 2372 et
1059 2314 1213 2372 tenentur
1228 2310 1264 2370 in
1279 2310 1417 2391 socagio.

587 2458 726 2524 Thomas
748 2462 943 2545 Myssenden
962 2462 1001 2525 de
1018 2462 1150 2546 Helyng
1165 2464 1199 2525 in
1215 2463 1377 2524 comitatu
1393 2459 1574 2535 Lincolnie,
1590 2459 1740 2543 armiger,
1755 2458 1820 2520 fuit
1836 2458 1964 2520 seisitus
1979 2461 2038 2519 etc.

544 2547 584 2610 de
598 2547 734 2611 diversis
750 2551 846 2612 terris
860 2554 896 2613 et
910 2551 1108 2613 tenementis
1124 2571 1199 2612 cum
1215 2550 1282 2613 suis
1297 2546 1508 2631 pertinenciis
1522 2548 1558 2608 in
1574 2547 1718 2611 Hnuvsc
1732 2550 1766 2608 et
1786 2545 1907 2609 Maeror
1922 2544 2036 2618 Coras,

542 2639 574 2698 et
591 2639 747 2700 tenentur
763 2658 820 2720 per
836 2638 1010 2701 servicium
1026 2658 1082 2701 uu.
1099 2636 1122 2701 f.
1139 2658 1184 2701 m.

584 2786 745 2851 Robertus
760 2786 887 2870 Hylton
904 2787 945 2850 de
961 2786 1076 2870 Svyne
1092 2789 1127 2849 in
1142 2789 1304 2851 comitatu
1318 2784 1466 2861 Eboraci,
1480 2785 1585 2860 miles
1599 2782 1665 2846 fuit
1687 2783 1817 2846 seisitus
1838 2784 1880 2846 de
1905 2784 2037 2846 diversis
2163 2840 2169 2852 ,

400 2874 405 2885 “
461 2932 463 2937 ,
541 2874 637 2937 terris
663 2880 695 2939 et
720 2876 920 2938 tenementis
944 2895 1017 2938 cum
1042 2874 1108 2937 suis
1132 2874 1345 2957 pertinenciis
1369 2873 1404 2935 iu
1421 2872 1563 2949 Auasav,
1580 2876 1615 2934 et
1629 2875 1782 2935 tenentur
1795 2892 1854 2954 per
1869 2871 2037 2935 servicium

541 2966 654 3045 quarte
669 2962 772 3045 partis
787 2982 843 3026 un.
860 2961 885 3026 f.
902 2982 946 3027 m.

584 3112 800 3177 Christoferus
826 3110 966 3196 Conyers
980 3112 1020 3176 de
1035 3112 1170 3198 Homby
1186 3114 1220 3176 in
1236 3114 1397 3176 comitatu
1412 3110 1570 3194 predicto,
1584 3112 1733 3195 armiger,
1747 3112 1811 3174 fuit
1828 3112 1959 3174 seisitns
1974 3116 2035 3177 etc.

538 3201 578 3264 de
592 3200 727 3264 diversis
743 3201 837 3265 terris
852 3207 888 3263 et
903 3203 1100 3264 tenementis
1114 3222 1190 3265 cum
1206 3203 1273 3265 suis
1287 3200 1496 3284 pertinenciis
1518 3200 1552 3261 in
1576 3200 1717 3275 Anasav,
1742 3204 1777 3262 et
1799 3203 1954 3263 tenentur
1977 3219 2036 3282 per

541 3288 711 3352 servicium
726 3292 841 3373 quarte
857 3288 962 3372 partis
976 3308 1032 3354 uu.
1048 3290 1072 3353 i.
1090 3310 1134 3353 m.

581 3438 728 3501 Alfridus
743 3438 917 3502 Maunston
932 3438 972 3502 de
986 3438 1162 3502 Maunstou
1178 3440 1213 3501 in
1228 3440 1389 3513 comitatu
1404 3438 1560 3521 predicto,
1575 3439 1723 3521 armiger,
1739 3436 1804 3500 fuit
1819 3438 1949 3500 aeisitus
1972 3443 2034 3503 etc.

538 3526 578 3590 de
602 3527 740 3591 diversis
764 3529 859 3590 terris
882 3533 916 3590 et
943 3529 1140 3591 tenementis
1155 3549 1229 3591 cum
1246 3529 1311 3591 suis
1326 3527 1534 3611 pertinenciis
1548 3529 1584 3589 in
1600 3528 1742 3605 Ausees,
1759 3530 1794 3589 et
1808 3531 1965 3589 tenentur
1980 3547 2036 3610 per

537 3615 708 3678 servicium
725 3618 838 3700 quarte
855 3615 959 3699 partis
974 3635 1029 3679 un.
1047 3616 1069 3680 f.
1085 3637 1129 3680 m.

580 3751 741 3815 Robertus
757 3752 841 3815 Reos
856 3753 896 3815 de
912 3751 1047 3836 Gedney
1064 3754 1099 3815 in
1126 3755 1287 3816 comitatu
1314 3752 1497 3829 Lincolnie,
1520 3750 1628 3827 miles,
1654 3750 1720 3812 fuit
1746 3751 1878 3814 seisitus
1903 3757 1966 3815 ete.
1995 3752 2035 3815 de

536 3838 670 3903 diversis
694 3840 788 3902 terris
813 3845 847 3903 et
870 3841 1069 3904 tenementis
1094 3862 1170 3903 cum
1197 3842 1266 3903 suis
1293 3840 1504 3922 pertinenciis
1529 3840 1565 3900 in
1591 3841 1732 3917 masas,
1748 3843 1783 3901 et
1808 3842 1964 3901 tenentur
1978 3859 2035 3922 per

536 3927 708 3990 servicium
726 3927 851 3990 decime
865 3929 966 4012 partis
982 3949 1039 3993 un.
1057 3927 1079 3991 i.
1097 3949 1142 3991 m.

579 4064 740 4147 Xpoierus
755 4061 894 4148 Conyers
909 4064 950 4127 de
966 4064 1102 4148 Homby
1116 4066 1150 4127 in
1166 4066 1325 4128 comitatu
1341 4064 1488 4140 Eboraci,
1502 4065 1652 4146 armiger,
1667 4063 1731 4126 suit
1746 4062 1879 4126 saisitus
1905 4069 1967 4128 etc.
1994 4065 2034 4126 de

534 4151 667 4215 diversis
693 4152 787 4214 terris
809 4157 844 4216 et
870 4153 1069 4216 tenementis
1093 4172 1168 4215 cum
1192 4154 1259 4216 suis
1282 4152 1495 4234 pertinenciis
1516 4152 1553 4214 in
1570 4151 1746 4230 Swmovvs,
1763 4155 1797 4213 et
1811 4154 1964 4214 tenentur
1978 4171 2035 4234 per

536 4239 708 4302 servicium
724 4239 910 4302 medietatis
925 4259 981 4304 un.
998 4240 1022 4304 f.
1037 4260 1082 4303 m.

576 4376 694 4454 Maria,
723 4398 785 4461 que
815 4377 879 4439 iuit
909 4397 991 4440 uxor
1022 4377 1154 4440 Hemici
1187 4377 1337 4453 Retford,
1366 4375 1520 4454 chivaler‚
1549 4377 1589 4439 de
1618 4374 1778 4458 Casthorp
1807 4377 1842 4438 in
1874 4377 2032 4440 comitatu

534 4463 712 4544 Lincolnie,
735 4465 883 4541 vvedowe,
906 4463 973 4528 fuit
1000 4465 1113 4527 saisita
1140 4470 1203 4530 etc.
1228 4466 1271 4528 de
1301 4465 1436 4529 diversis
1459 4465 1555 4527 terris
1581 4468 1616 4526 et
1640 4463 1839 4526 tenementis
1862 4484 1937 4526 cum
1967 4465 2034 4526 suis

532 4552 743 4635 pertinenciis
758 4553 793 4614 in
810 4552 900 4631 Iscv,
916 4556 952 4615 et
966 4557 1124 4616 tenentur
1140 4574 1197 4636 per
1213 4553 1387 4616 servicium
1402 4557 1518 4636 quarte
1533 4551 1635 4634 partis
1650 4571 1706 4615 un.
1723 4551 1747 4615 i.
1764 4572 1807 4614 m.

574 4687 714 4752 Thomas
728 4688 769 4752 de
785 4688 876 4751 Bello
890 4689 1005 4753 Monte
1020 4690 1060 4753 de
1075 4691 1235 4754 comitatu
1251 4691 1448 4773 Leycestrie,
1464 4689 1571 4766 miles,
1585 4692 1617 4751 et
1635 4687 1797 4750 Patricius
1812 4686 1977 4771 Langdale
1992 4688 2032 4751 de

533 4774 698 4839 Waltham
714 4777 747 4838 in
764 4776 923 4840 comitatu
939 4777 1118 4856 Lincolnie,
1135 4779 1288 4862 armiger,
1304 4777 1430 4841 feoffati
1446 4776 1605 4839 Willelmi
1633 4775 1746 4854 Melet,
1772 4775 1904 4837 suerunt
1927 4776 2031 4838 seisiti

530 4871 592 4928 etc.
608 4863 648 4926 de
662 4863 795 4926 diversis
810 4865 908 4927 terris
922 4869 958 4927 et
973 4867 1172 4929 tenementis
1187 4887 1263 4928 cunr
1279 4866 1345 4928 suis
1360 4865 1573 4948 pertinenciis
1587 4864 1622 4925 in
1638 4863 1729 4940 Iaav,
1745 4867 1781 4924 et
1794 4866 1949 4926 tenentur
1975 4883 2032 4946 per

532 4951 702 5015 servicium
718 4955 831 5036 quarte
846 4953 950 5034 partis
966 4973 1022 5016 un.
1039 4953 1061 5017 f.
1078 4973 1120 5016 m.

573 5087 738 5152 Johannes
763 5088 921 5173 Haytfeld
945 5090 986 5153 de
1012 5088 1200 5173 Flyxburgh
1224 5089 1260 5150 in
1287 5089 1449 5160 comitatu
1473 5087 1631 5170 predicto,
1653 5087 1803 5169 armiger,
1818 5084 1885 5147 fuit
1900 5087 2032 5149 scisitus

530 5180 592 5240 etc.
610 5176 650 5238 de
666 5175 802 5239 diversis
817 5177 912 5240 terris
927 5183 960 5239 et
978 5179 1178 5240 tenementis
1193 5195 1268 5237 cum
1284 5176 1351 5238 suis
1365 5177 1575 5257 pertinenciis
1589 5176 1624 5236 ic
1641 5175 1789 5250 Batauus,
1801 5180 1835 5236 et
1848 5173 1959 5235 valent
1973 5194 2031 5256 per

531 5283 654 5326 annum
669 5263 756 5328 ultra
771 5265 908 5347 reprisas
923 5265 1042 5348 viginti
1059 5266 1093 5327 ii.
1111 5267 1145 5325 et
1161 5267 1315 5325 tenentur
1329 5264 1364 5324 in
1379 5265 1518 5348 socagio.

574 5400 744 5479 Henricus‚
775 5399 1035 5484 archiepiscopus
1066 5397 1319 5478 Cantuariensis,
1350 5404 1385 5463 et
1415 5400 1494 5463 socii
1524 5399 1575 5461 sui
1605 5398 1739 5460 suerunt
1769 5397 1872 5460 seisiti
1903 5401 1964 5460 etc.
1991 5396 2033 5460 de

529 5488 663 5552 diversis
689 5490 784 5552 terris
808 5499 844 5551 et
867 5491 1069 5551 tenementis
1092 5507 1166 5548 cum
1194 5488 1260 5549 suis
1286 5487 1497 5570 pertinenciis
1522 5487 1557 5548 in
1584 5487 1810 5553 Scumrnown
1838 5488 1874 5546 et
1897 5484 1975 5560 Cau,
1992 5490 2028 5546 et

529 5575 640 5640 valent
655 5595 850 5658 perannum
865 5574 951 5637 ultra
967 5574 1104 5656 reprisas
1120 5574 1239 5656 viginti
1255 5575 1289 5638 li.
1305 5579 1340 5637 et
1354 5593 1418 5636 non
1433 5578 1591 5637 tenentur
1606 5593 1664 5656 per
1679 5573 1851 5634 servicium
1873 5571 2029 5636 militare.

572 5711 734 5775 Henricus
750 5709 934 5772 Brounflete
950 5709 992 5772 de
1007 5707 1243 5795 Launesburgh
1258 5711 1293 5773 in
1320 5712 1481 5773 comitatu
1506 5709 1652 5787 Eboraci,
1678 5708 1783 5786 miles,
1810 5712 1844 5772 et
1867 5707 2027 5786 debanna,

528 5799 654 5862 ducissa
668 5798 814 5874 Eboraci,
827 5816 907 5858 uxor
921 5797 1004 5882 ejus,
1027 5795 1159 5861 fuerunt
1175 5799 1280 5860 seisiti
1294 5803 1356 5863 etc.
1368 5799 1409 5861 de
1425 5799 1565 5883 quadam
1581 5797 1667 5860 feodi
1683 5797 1777 5858 firma
1792 5795 2031 5880 quinquaginta

525 5886 680 5986 librarum
705 5884 871 5948 excutiam
898 5885 1071 5947 annuatim
1097 5884 1137 5948 de
1163 5885 1242 5948 villa
1267 5885 1306 5948 de
1334 5886 1526 5964 Gavuasav,
1542 5888 1584 5948 ut
1595 5885 1637 5947 de
1655 5883 1731 5966 jure
1756 5883 1844 5946 dicte
1866 5881 2028 5963 Johanne,

527 5992 636 6037 uxoris
652 5991 720 6035 sue.
