5000 7050
546 1071 610 1134 646
1182 1073 1420 1140 APPENDIX.

590 1357 694 1422 Heres
709 1359 829 1444 Rogeri
844 1359 963 1447 Bygot‚
977 1364 1107 1426 comitis
1122 1361 1303 1440 Noriolkie,
1317 1366 1411 1426 tenet
1425 1362 1606 1424 manerium
1621 1361 1662 1423 de
1677 1361 1819 1428 Euentu
1834 1359 1875 1422 de
1891 1379 1979 1440 rege,
1994 1378 2059 1440 per

546 1445 632 1528 quod
647 1451 709 1511 etc.
725 1448 888 1530 ignorant,
905 1456 939 1513 et
954 1450 1139 1532 predictum
1154 1452 1336 1514 manerium
1352 1451 1451 1513 estin
1466 1469 1567 1512 menn
1582 1450 1668 1532 regis
1681 1453 1744 1512 etc.

590 1581 757 1648 Gelfridue
774 1585 801 1647 F
801 1585 974 1650 rauuehem
990 1592 1080 1651 tenet
1095 1590 1131 1652 in
1146 1589 1287 1655 Danaen
1302 1587 1342 1651 de
1356 1587 1515 1666 Johaune,
1531 1587 1598 1649 filio
1613 1583 1819 1649 Constantini
1841 1584 1881 1647 de
1905 1581 2056 1666 Clytien,

547 1689 603 1752 per
628 1673 799 1735 servicium
825 1676 920 1737 tercie
947 1677 1050 1758 partis
1075 1682 1110 1739 et
1134 1675 1202 1760 xvj·
1222 1677 1324 1759 partie
1349 1676 1373 1762 j.
1389 1675 1412 1739 1.
1429 1697 1474 1741 m.
1492 1676 1549 1760 qui
1574 1679 1625 1737 eet
1650 1675 1685 1736 in
1708 1693 1807 1736 manu
1829 1673 1916 1757 regis
1932 1680 1996 1735 eto.
2015 1677 2057 1733 ut

546 1757 722 1840 parcellam
736 1759 866 1824 berouie
880 1760 921 1824 de
936 1762 1118 1828 Tateehaie.

550 1987 561 2064 (
589 1895 692 2049 nge
706 1896 837 2063 §ioberti
852 1897 953 1963 Okolt
967 1905 1057 1964 tenet
1072 1901 1204 1966 terciam
1218 1909 1345 1985 partem
1370 1901 1394 1986 j.
1410 1900 1432 1962 1.
1449 1921 1493 1965 m.
1519 1900 1553 1961 in
1579 1899 1718 1965 Damon
1742 1899 1783 1963 de
1808 1896 1958 1961 Johaune
1984 1901 2053 1960 etc.

561 2005 598 2050 oa
651 2007 731 2051 ove.

588 2120 691 2186 Heres
726 2121 857 2187 Ricardi
887 2122 1001 2209 Geryol
1030 2128 1122 2189 tenet
1149 2130 1298 2212 quartam
1329 2129 1457 2207 partem
1488 2124 1516 2208 j.
1546 2125 1570 2188 1.
1603 2145 1649 2191 m.
1688 2125 1724 2186 in
1763 2123 1972 2189 Runnuuiua
2015 2126 2053 2184 et

547 2208 757 2276 Anuaeuaon
771 2209 812 2274 de
825 2209 973 2276 Johenne
987 2219 1049 2278 eto.

547 2345 742 2498 JhD'onminat
757 2347 906 2412 Matildie
933 2349 974 2412 de
1004 2349 1171 2415 Cromwell
1201 2356 1297 2414 tenet
1326 2349 1398 2435 vj⁸¹²¹
1429 2353 1556 2434 partem
1580 2348 1608 2432 j.
1640 2349 1664 2414 1.
1693 2369 1739 2414 m.
1772 2349 1805 2410 in
1836 2347 1977 2413 Dnnuou
2009 2345 2054 2409 de

569 2453 588 2496 o
654 2454 696 2499 ne
710 2455 728 2498 e
743 2456 771 2500 o.

854 2675 1045 2743 Hunuunnr
1066 2698 1110 2743 nu
1135 2676 1384 2745 SHROPHAM
1407 2698 1472 2742 aun
1495 2673 1744 2744 GYLDGROS.

551 2901 562 2975 (
590 2807 820 2978 Oouefflgnue
845 2812 1024 2898 Mortymer
1046 2819 1141 2880 tenet
1165 2818 1201 2879 in
1215 2815 1405 2884 Eunaeum
1421 2815 1457 2901 ij.
1474 2817 1497 2881 1.
1514 2836 1560 2880 m.
1576 2814 1617 2878 de
1633 2814 1765 2879 domino
1779 2812 1820 2874 de
1836 2809 1972 2874 Bardoli
1984 2817 2054 2876 etc.

562 2919 598 2963 or
613 2920 647 2962 aa
768 2949 776 2964 .

588 3033 758 3097 Abbatieea
772 3035 811 3098 de
827 3035 1002 3116 Brosezergi
1015 3043 1107 3102 tenet
1122 3041 1156 3102 in
1172 3041 1342 3106 Hinouiu
1352 3040 1381 3123 j.
1395 3041 1417 3106 f.
1430 3062 1475 3106 m.
1489 3039 1651 3124 quondam
1666 3036 1790 3102 Thome
1805 3036 1845 3101 de
1860 3035 2055 3100 Leveuham

545 3120 585 3184 de
601 3120 732 3185 domino
745 3122 870 3188 Thoma
883 3125 924 3188 de
939 3127 1073 3204 Morlee‚
1084 3134 1119 3192 et
1133 3127 1222 3190 idem
1237 3128 1278 3192 de
1293 3147 1366 3212 rege
1383 3133 1444 3192 etc.
1464 3132 1511 3206 (aa
1529 3129 1655 3210 before).

551 3258 747 3432 [diffiniet
769 3261 899 3346 collegii
921 3263 961 3326 de
983 3263 1193 3328 Tommeetou
1217 3270 1309 3329 tenet
1334 3265 1380 3330 di.
1398 3265 1421 3330 1.
1438 3287 1484 3330 m.
1508 3266 1543 3327 iu
1561 3265 1742 3332 SunoPneu
1758 3262 1799 3326 de
1813 3261 1945 3324 domino
1960 3261 2056 3346 Grey

589 3367 607 3408 e

673 3345 762 3431 yffyn
776 3354 811 3412 et
824 3348 990 3415 Wiilelmo
1004 3350 1207 3435 Beuchamp,
1222 3358 1258 3416 et
1271 3352 1373 3416 iidem
1389 3352 1430 3416 de
1445 3372 1529 3437 rege.

589 3482 731 3571 Rogerus
747 3483 830 3550 (iaus
844 3490 936 3552 tenet
950 3489 984 3552 in
1003 3488 1184 3558 senopem
1200 3490 1245 3555 di.
1262 3490 1285 3555 f.
1301 3511 1345 3556 m.
1362 3490 1401 3553 de
1416 3487 1565 3555 Johenne
1580 3487 1725 3565 Gernon,
1736 3493 1771 3551 et
1785 3486 1871 3551 idem
1886 3485 1927 3549 de
1942 3507 2032 3572 rege.

563 3620 785 3772 tiiieuedgctue
808 3624 849 3687 de
865 3624 1016 3711 Breoklye
1036 3633 1128 3691 tenet
1141 3629 1175 3691 in
1194 3627 1376 3696 Sunornau
1391 3628 1416 3713 j.
1434 3630 1538 3713 quart.
1554 3626 1579 3692 1.
1595 3647 1641 3693 m.
1659 3625 1700 3688 de
1716 3625 1833 3689 comite
1849 3624 2057 3703 Aruudellie‚

544 3730 562 3772 e
593 3729 605 3771 1
626 3729 679 3773 em
717 3730 836 3796 erege.

588 3845 744 3911 Ricardus
759 3846 840 3911 Caua
854 3855 888 3912 et
902 3848 1037 3914 heredes
1048 3851 1178 3915 Ricardi
1190 3852 1348 3933 Herberd,
1361 3852 1495 3915 Walteri
1512 3850 1690 3929 Goodhale‚
1701 3850 1834 3913 Henrici
1850 3854 1917 3912 atta
1932 3848 2057 3931 (irene,

544 3938 577 3997 et
599 3933 735 3999 Roberti
758 3934 799 3998 de
824 3935 1027 4015 Bokenham‚
1052 3943 1170 4003 tenent
1192 3940 1237 4008 di.
1254 3939 1277 4005 f.
1293 3962 1339 4005 m.
1364 3940 1399 4002 iu
1430 3940 1611 4008 enorum
1636 3938 1677 4002 de
1705 3938 1838 4002 domina
1859 3936 1984 3999 Thoma
2010 3938 2054 4001 de

543 4020 676 4101 Morlee‚
691 4028 726 4086 et
739 4023 827 4087 idem
841 4024 883 4087 de
898 4046 974 4110 rege
988 4035 1051 4091 eto.
1072 4031 1119 4105 (ω
1134 4027 1262 4112 before).

587 4158 745 4224 Dominus
769 4160 810 4224 de
837 4160 974 4226 Bardoif
996 4168 1087 4228 tenet
1112 4166 1146 4228 in
1162 4165 1323 4231 Laeuino
1346 4165 1480 4228 terciam
1496 4168 1623 4249 partem
1638 4165 1662 4249 j.
1679 4163 1701 4229 f.
1718 4184 1763 4229 m.
1779 4163 1906 4225 racione
1920 4161 2060 4227 minoris

544 4248 642 4311 etetie
656 4247 816 4312 Johaunis
832 4249 983 4335 Gunvyle
999 4253 1040 4316 de
1054 4252 1212 4338 Lyrlyng,
1227 4262 1263 4317 et
1277 4253 1365 4316 idem
1380 4254 1422 4315 de
1437 4253 1556 4315 comite
1566 4251 1752 4329 Warennie,
1763 4256 1796 4313 et
1812 4249 1897 4313 idem
1912 4248 2055 4333 detege.

587 4384 752 4450 Johenues
767 4385 923 4451 Bruezerd
939 4392 1031 4452 tenet
1045 4390 1080 4452 in
1096 4389 1257 4457 Lraumo
1273 4389 1297 4476 j.
1313 4393 1419 4474 quart.
1436 4390 1460 4454 1.
1478 4412 1523 4457 m.
1538 4388 1578 4451 de
1600 4387 1732 4451 domino
1757 4384 1882 4451 Thoma
1908 4384 2057 4466 Bardoli,

547 4477 582 4535 et
596 4473 685 4537 idem
699 4474 740 4538 de
754 4474 874 4538 comite
890 4474 1061 4540 Wareunie
1077 4483 1138 4540 etc.

587 4608 780 4694 Redulphus
795 4610 1053 4696 Gheumberleyn
1068 4619 1102 4677 et
1117 4614 1283 4678 Johaunes
1300 4614 1450 4699 Sompter
1465 4618 1580 4678 tenent
1594 4614 1628 4676 iu
1644 4616 1850 4680 Ronunouun
1872 4612 1925 4699 iij·
1945 4618 2056 4694 quart.

540 4696 568 4781 j.
582 4696 606 4763 f.
621 4718 667 4764 m.
683 4718 746 4781 que
761 4698 927 4763 Johauuee
941 4700 982 4764 de
999 4700 1118 4766 Suttou
1133 4704 1243 4766 tenuit
1258 4708 1321 4767 etc.
1340 4708 1388 4781 (oe
1403 4705 1438 4766 in
1459 4703 1566 4781 1346).

590 4834 731 4899 Thomas
767 4835 935 4902 carbonell
971 4844 1064 4904 tenet
1100 4841 1134 4902 in
1172 4840 1399 4905 Bounnouunu
1432 4838 1459 4923 j.
1483 4842 1590 4924 quart.
1616 4837 1643 4921 j.
1670 4838 1694 4903 1.
1725 4859 1771 4903 m.
1802 4837 1842 4900 de
1879 4833 2056 4919 Radulpho

546 4921 802 5009 Chaumberleyn
818 4929 854 4987 et
868 4925 1016 4990 Johanne
1031 4924 1192 5011 Sompter,
1209 4934 1243 4990 et
1259 4928 1359 4991 iidem
1375 4927 1414 4990 de
1429 4928 1549 5011 comite
1565 4926 1736 4989 Warenuie
1750 4930 1813 4989 etc.

590 5058 754 5124 Johanner
769 5059 956 5145 Shepherde
971 5070 1004 5127 et
1021 5063 1190 5127 Gulfridue
1204 5064 1244 5127 de
1261 5062 1431 5128 Bendlond
1450 5066 1518 5143 (sic)
1538 5067 1570 5125 et
1596 5062 1777 5145 parceuarii
1802 5061 1851 5125 eui
1875 5064 1993 5123 tenent
2018 5061 2055 5125 iu

546 5148 774 5216 Bomuonnou
788 5149 834 5215 di.
852 5150 875 5215 f.
892 5173 936 5217 m.
952 5152 993 5215 de
1008 5150 1129 5215 herede
1144 5149 1304 5215 Johanuis
1320 5151 1463 5230 Gemon,
1478 5158 1512 5214 et
1525 5150 1612 5233 idem
1628 5149 1668 5212 de
1685 5169 1770 5233 rege.

550 5378 561 5455 (
589 5284 763 5453 Johulrrzffi)
777 5286 935 5352 Bruezerd
961 5294 1051 5354 tenet
1069 5290 1103 5353 in
1120 5290 1310 5356 qumouoa
1327 5290 1370 5355 di.
1386 5290 1409 5354 1.
1424 5311 1470 5355 m.
1487 5287 1573 5372 quod
1588 5286 1753 5351 Johennea
1768 5285 1808 5349 de
1822 5282 1970 5348 Eethelle
1985 5290 2053 5353 etc.

561 5395 597 5440 aa
612 5396 649 5439 aa
768 5423 777 5441 .

546 5597 573 5660 Τ
591 5509 731 5663 affine
745 5512 785 5576 de
798 5512 965 5577 Cromwell
982 5518 1074 5579 tenet
1087 5517 1123 5578 in
1138 5516 1317 5582 Buernoee
1327 5515 1354 5600 j.
1369 5518 1474 5599 quart.
1491 5514 1515 5600 j.
1527 5512 1551 5576 f.
1563 5534 1608 5580 m.
1624 5517 1661 5576 ut
1679 5510 1849 5595 parcellem
1864 5508 1997 5573 beronie
2013 5510 2056 5575 dc

573 5618 592 5661 a
699 5620 727 5663 e.

591 5733 739 5799 Heredes
767 5732 928 5800 iohannis
957 5739 998 5803 de
1026 5738 1249 5804 Brethenham
1280 5744 1315 5803 et
1345 5738 1447 5815 Petri,
1474 5738 1587 5801 vicarii
1613 5736 1654 5799 de
1678 5732 1838 5813 Hochem,
1869 5738 1987 5796 teuent
2019 5737 2056 5799 iu

547 5819 724 5888 Basrnoup
732 5823 762 5907 j.
778 5829 884 5907 quart.
901 5824 925 5889 1.
942 5846 988 5891 m.
1005 5828 1046 5891 de
1061 5826 1185 5891 Thomu
1200 5828 1240 5891 de
1257 5828 1443 5902 Hetereete,
1464 5831 1499 5889 et
1514 5826 1599 5888 idem
1617 5825 1656 5887 de
1672 5822 1803 5886 domina
1818 5822 1857 5885 dc
1872 5820 2059 5903 Cromwell,

547 5913 583 5972 et
597 5909 710 5974 eedem
725 5911 766 5975 de
780 5930 870 5997 rege.
