5000 7050
530 1083 592 1146 566
1174 1086 1392 1156 NORFOLK.

568 1375 728 1440 Dominus
749 1378 790 1444 de
807 1378 922 1464 Wylby
946 1385 1039 1444 tenet
1061 1401 1165 1446 unum
1191 1384 1391 1467 quarterium
1416 1383 1438 1449 f.
1455 1405 1500 1450 m.
1526 1385 1561 1446 in
1589 1384 1706 1464 Hows,
1734 1385 1820 1468 quod
1844 1403 1949 1469 nuper
1977 1387 2046 1450 fuit

524 1463 545 1528 J
546 1463 682 1527 ohannis
697 1465 867 1550 Boylound
881 1467 1062 1533 inmediate
1076 1467 1117 1533 de
1132 1470 1251 1536 abbate
1266 1469 1378 1536 Sancti
1395 1470 1572 1536 Edmundi.

568 1600 707 1665 Domina
721 1602 762 1665 de
776 1602 946 1688 Bergayne
962 1610 1053 1670 tenet
1063 1605 1091 1690 j.
1109 1606 1132 1672 f.
1150 1628 1196 1673 m.
1212 1611 1248 1670 in
1263 1609 1395 1686 Busan,
1412 1610 1501 1694 quod
1517 1627 1619 1692 nuper
1636 1609 1698 1672 fuit
1717 1609 1820 1672 Marie
1848 1610 1888 1673 de
1916 1609 2043 1675 Sancto

522 1685 625 1750 Paulo
639 1689 821 1754 inmediate
835 1690 875 1754 de
891 1690 1064 1758 heredibus
1079 1693 1230 1779 Hugonie
1247 1695 1280 1759 le
1297 1695 1394 1762 Veer.

568 1823 713 1889 Heredes
736 1825 869 1891 Rioardi
891 1828 931 1892 de
954 1828 986 1893 la
1010 1828 1128 1895 Rokell
1152 1837 1268 1897 teuent
1292 1833 1338 1899 di.
1356 1833 1378 1898 f.
1403 1855 1448 1900 m.
1479 1837 1513 1898 in
1543 1835 1689 1912 Arason,
1716 1835 1802 1917 quod
1833 1856 1938 1920 nuper
1969 1836 2042 1900 fuit

525 1911 656 1976 Ricardi
671 1914 712 1978 de
725 1912 758 1977 la
771 1913 901 1993 Rolrell,
914 1917 1094 1983 inmediate
1108 1920 1149 1983 de
1163 1918 1333 1984 heredibus
1348 1920 1451 1986 Maris
1467 1922 1507 1986 de
1523 1921 1644 1986 Sancto
1661 1921 1772 1986 Paulo.

571 2047 755 2114 willelmus
780 2050 940 2138 Rolrhagh
966 2060 1060 2119 tenet
1081 2075 1186 2121 unum
1207 2057 1413 2140 quarterium
1427 2058 1451 2144 j.
1467 2059 1490 2125 f.
1507 2080 1553 2124 m.
1570 2061 1604 2121 in
1623 2059 1839 2126 Humanae
1856 2061 2041 2125 inmediate

526 2135 567 2199 de
580 2134 752 2202 heredibus
766 2139 873 2204 Marie
887 2141 930 2204 de
947 2140 1066 2206 Sancto
1080 2141 1195 2212 Paulo.

570 2272 663 2337 Prior
686 2274 799 2338 Sancti
826 2275 920 2341 Olavi
943 2285 1035 2342 tenet
1060 2281 1096 2342 in
1119 2279 1330 2348 Rsvruouau
1355 2301 1459 2346 unum
1473 2283 1676 2365 quarterium
1692 2283 1714 2348 f.
1731 2303 1777 2351 m.
1793 2285 1879 2367 quod
1895 2284 2041 2350 Thomas

526 2360 612 2446 Ages
625 2361 790 2446 quondam
803 2365 923 2444 tenuit,
939 2365 1120 2432 inmediate
1133 2368 1174 2431 de
1189 2367 1363 2434 heredibus
1377 2368 1399 2434 J
1399 2368 1536 2433 ohannis
1550 2368 1693 2436 Barduli.

569 2498 599 2560 N
601 2498 744 2564 ichclaue
758 2499 880 2569 Gastell
894 2522 968 2567 cum
985 2504 1174 2570 tenentibus
1188 2507 1255 2572 suis
1266 2511 1359 2572 tenet
1368 2507 1397 2591 j.
1413 2505 1437 2573 f.
1454 2529 1501 2574 m.
1517 2508 1552 2572 in
1572 2507 1779 2577 humum
1795 2509 1978 2575 inmediate
1994 2511 2038 2576 de

526 2583 548 2649 J
549 2583 675 2652 ohanne
690 2587 759 2652 filio
775 2587 922 2656 Walteri.

527 2723 666 2874 ΝΙᾱομι
692 2724 873 2792 Nicholans
901 2733 996 2793 tenet
1023 2730 1059 2793 iu
1089 2731 1298 2800 Remum
1328 2731 1374 2798 di.
1405 2734 1428 2799 f.
1460 2753 1505 2800 m.
1534 2733 1716 2798 inmediate
1741 2735 1783 2799 de
1813 2732 1964 2802 Johanne
1993 2736 2037 2800 de

560 2830 686 2878 mmm.

570 2947 746 3031 Johannes,
761 2950 828 3015 dux
850 2951 1033 3031 Norfolkie‚
1047 2974 1121 3018 eum
1137 2956 1326 3020 tenentibus
1353 2955 1420 3021 suis
1444 2961 1538 3021 tenet
1563 2957 1601 3044 ij.
1618 2958 1642 3022 f.
1658 2977 1704 3024 m.
1728 2960 1763 3023 in
1790 2957 1920 3038 honus,
1946 2961 2036 3043 quod

526 3056 629 3120 nuper
643 3038 709 3118 fuit
723 3037 881 3104 lobannis
896 3039 1048 3123 Segrave,
1063 3043 1244 3107 inmediate
1259 3044 1300 3107 de
1316 3044 1486 3109 heredibus
1502 3045 1659 3111 Johannis
1674 3045 1827 3129 Segrave.

569 3175 714 3240 Heredes
743 3173 879 3240 Roberti
908 3176 1052 3261 Gerveys
1080 3184 1113 3242 et
1144 3178 1304 3244 Robertus
1334 3180 1452 3245 Gavell
1485 3187 1602 3246 tenent
1618 3182 1647 3264 j.
1679 3185 1703 3246 f.
1733 3204 1779 3248 m.
1803 3186 1837 3247 in
1870 3183 2037 3262 Sueuos,

526 3261 681 3330 Krurssr
709 3269 744 3328 et
769 3263 982 3342 Gerasenos,
1005 3266 1091 3350 quod
1113 3286 1217 3350 nuper
1239 3267 1307 3332 fuit
1331 3266 1491 3332 Johannis
1515 3268 1634 3353 Bygot,
1659 3269 1824 3334 Edmundi
1856 3271 1973 3336 Gasell
1997 3283 2034 3336 et

526 3347 685 3414 Johannis
698 3350 823 3434 Tweyt,
837 3353 1017 3417 inmediate
1032 3353 1074 3418 de
1087 3353 1206 3418 abbate
1221 3355 1334 3420 Sancti
1349 3356 1528 3421 Edmundi.

569 3485 732 3551 Henricus
748 3485 894 3572 Walpool
907 3493 1002 3553 tenet
1014 3489 1051 3552 in
1065 3489 1200 3554 servicio
1214 3487 1270 3575 js.
1281 3508 1327 3554 m.
1338 3489 1373 3553 in
1388 3488 1504 3557 Hense
1518 3496 1554 3553 et
1568 3488 1730 3571 smmis,
1742 3490 1828 3575 quod
1844 3511 1949 3577 nuper
1964 3492 2034 3557 fuir

526 3572 682 3639 Johennis
696 3575 736 3639 de
750 3574 862 3657 Hales,
875 3576 1054 3641 inmediate
1068 3578 1109 3641 de
1123 3575 1145 3641 J
1146 3574 1274 3641 ohanne
1289 3576 1357 3639 filio
1373 3576 1520 3645 Walteri.

569 3712 729 3779 Dominus
742 3714 784 3779 de
798 3713 909 3799 Wilby
921 3721 1013 3780 tenet
1026 3717 1062 3779 in
1077 3716 1270 3786 Wnuuaoaa
1284 3715 1309 3803 j.
1325 3713 1349 3778 f.
1365 3722 1402 3779 et
1415 3716 1480 3779 tria
1494 3718 1659 3800 quarteria
1672 3719 1697 3804 j.
1714 3718 1738 3782 f.
1756 3739 1800 3785 m.
1817 3720 1903 3802 quod
1925 3738 2032 3805 nuper

524 3801 590 3866 fuit
603 3800 746 3865 Metillis
761 3799 922 3885 Banyard‚
936 3802 1118 3868 inmediate
1132 3805 1173 3868 de
1187 3802 1338 3867 Johanne
1353 3802 1422 3867 filio
1436 3803 1584 3871 Walteri.

567 3936 723 4003 Matheus
756 3936 988 4024 Lakynghyth,
1029 3938 1212 4004 Willelmus
1250 3938 1433 4023 'l'horpdele
1471 3945 1506 4004 et
1553 3941 1613 4006 alii
1653 3947 1803 4007 tenentes
1840 3948 1955 4009 tenent
1992 3946 2029 4010 iu

526 4022 762 4112 Ha[nos]sno‚
777 4023 928 4114 Tn[oas]
949 4047 1053 4092 unum
1066 4027 1270 4112 quarterium
1284 4027 1308 4095 f.
1325 4048 1371 4095 m.
1387 4027 1474 4112 quod
1488 4048 1591 4113 nuper
1617 4028 1683 4094 fuit
1708 4028 1866 4114 Stephani
1890 4030 2034 4112 Gatield,

526 4112 703 4177 inmediate
716 4113 757 4178 de
772 4115 877 4198 priore
891 4112 1122 4179 monachorum
1136 4114 1289 4181 Theford.

569 4248 693 4314 Dicunt
715 4251 817 4314 eciam
835 4250 999 4335 juratores
1022 4251 1163 4336 predicti
1189 4250 1277 4334 quod
1299 4250 1389 4316 nulle
1415 4256 1494 4316 sunt
1517 4252 1581 4317 alie
1602 4249 1753 4338 [persone
1776 4254 1843 4317 sive
1858 4251 2024 4341 tenentes]

525 4338 611 4401 inira
639 4338 840 4402 hundredum
872 4339 1056 4420 predictum
1087 4337 1199 4403 seisite
1226 4340 1263 4401 in
1292 4338 1455 4402 dominico
1484 4359 1543 4404 suo
1572 4339 1752 4404 inmediate
1781 4346 1820 4403 ut
1850 4341 1891 4404 de
1927 4342 2031 4405 libero

525 4432 724 4502 tenemento,
738 4426 826 4489 unde
843 4426 944 4488 iidem
982 4445 1093 4490 creone
1119 4428 1186 4491 sive
1208 4430 1361 4491 tenentes
1385 4428 1620 4511 posseeeicuate
1647 4429 1804 4507 existunt,
1830 4430 1889 4512 qni
1914 4434 2033 4493 tenent

533 4510 607 4600 [per
630 4514 797 4596 integrum
821 4446 1116 4601 feodumsmilitis,
1131 4512 1359 4596 medietatem,
1375 4514 1510 4579 terciam
1526 4515 1580 4578 vel
1606 4520 1755 4598 quartam
1778 4522 1904 4599 partem
1930 4517 2032 4580 unius

527 4600 614 4664 feodi
628 4600 744 4665 militis
757 4599 929 4667 inclusive.

571 4738 612 4803 ln
639 4736 732 4824 cujus
759 4738 809 4803 rei
836 4738 1064 4804 testimonium
1095 4737 1259 4823 juratores
1300 4738 1438 4824 predicti
1478 4738 1555 4804 huic
1595 4740 1803 4825 inquisicioni
1833 4738 1940 4826 sigilla
1970 4760 2031 4805 sua

527 4831 756 4912 apposuerunt.
801 4823 925 4891 Datum
940 4832 1003 4891 etc.

1012 5184 1233 5256 Honoasnou
1256 5206 1300 5253 nn
1323 5183 1544 5253 HAPPYNG.

571 5346 748 5434 inquisieio
761 5355 859 5436 capta
872 5350 961 5435 apud
974 5350 1146 5437 Hikelyng
1159 5351 1212 5415 die
1225 5348 1317 5414 Jovis
1331 5349 1476 5433 proximo
1502 5354 1576 5433 post
1599 5348 1718 5411 festum
1743 5344 1855 5409 Sancti
1881 5344 2029 5411 Bernaba
2062 5348 2066 5357 ’

526 5439 665 5524 apostoli
689 5458 775 5501 anno
799 5440 891 5523 regni
916 5439 1000 5524 regis
1024 5438 1159 5503 Henrici
1185 5438 1270 5501 sexti
1297 5444 1370 5520 post
1395 5440 1607 5520 conquestum
1633 5440 1723 5498 sexto
1744 5454 1853 5498 coram
1868 5431 2029 5498 Nicholao

528 5526 661 5606 Castell,
690 5526 838 5591 Johaune
867 5527 1010 5613 Lynlord
1039 5531 1074 5590 et
1103 5526 1197 5590 sociis
1222 5527 1289 5589 suis
1318 5524 1542 5589 collectoribus
1568 5520 1703 5586 subsidii
1727 5522 1851 5585 domini
1874 5521 1960 5605 regis
1990 5524 2027 5585 in

528 5615 647 5678 ultimo
676 5612 889 5698 parliamento
916 5634 975 5677 suo
1003 5614 1090 5697 apud
1121 5613 1446 5677 westmonasterium
1474 5612 1510 5674 in
1539 5609 1679 5693 quidena
1708 5607 1820 5673 Sancti
1854 5607 2029 5675 Michaelis

527 5702 646 5766 ultimo
659 5702 815 5785 preterita
829 5705 922 5765 tento
936 5701 1079 5765 concessi
1094 5722 1150 5785 per
1165 5706 1403 5765 sacramentum
1418 5697 1537 5780 Rogeri
1553 5696 1721 5781 Crispyng‚
1736 5694 1894 5764 Johannis
1909 5694 2029 5778 Oobbe,

526 5789 647 5874 Rogeri
673 5788 846 5874 ngcrey,
870 5788 1025 5855 Johannis
1050 5787 1202 5865 Pulham‚
1227 5789 1386 5855 iohannis
1411 5785 1550 5869 Raulyn,
1575 5783 1732 5851 Johsnnis
1758 5782 1839 5866 Ovy,
1865 5782 2027 5848 Willelmi

526 5876 625 5952 Here,
650 5874 817 5940 Edmundi
847 5876 927 5952 col,
948 5874 1072 5939 Thome
1103 5876 1319 5951 Bertilmewe‚
1348 5872 1470 5937 Thome
1501 5870 1659 5955 Lynsted,
1688 5869 1846 5938 Johannis
1874 5870 1964 5933 Wolf
1990 5880 2028 5936 et

527 5964 685 6033 Jobanuie
721 5965 837 6049 Aleyn,
869 5963 1057 6047 juratorum
1094 5964 1134 6027 de
1170 5963 1339 6027 hundredo
1375 5961 1416 6024 de
1453 5961 1630 6044 Happyng,
1668 5961 1725 6043 qui
1769 5960 1885 6024 dicunt
1929 5978 2027 6045 super
