5000 7050
559 1092 623 1161 838
1209 1089 1415 1158 LINOOLN.

605 1381 787 1445 Willelmas
810 1380 902 1465 Slory
917 1385 1010 1445 tenet
1031 1382 1067 1443 in
1082 1380 1299 1447 Wrnanonas
1344 1424 2058 1444 ..............

560 1474 594 1533 et
610 1470 718 1535 Passa
734 1470 848 1535 Tnoas
863 1468 1036 1532 dimidium
1052 1488 1107 1532 un.
1123 1468 1145 1532 t.
1162 1489 1205 1531 m.
1232 1558 1237 1567 η
2010 1510 2013 1516 .

602 1605 624 1669 J
625 1607 766 1671 ohannes
781 1605 894 1691 Bussy,
911 1604 1063 1684 chivaler,
1078 1610 1168 1670 tanet
1213 1652 1707 1669 ..........

605 1702 699 1822 (bae
714 1754 805 1826 aaa
819 1746 847 1809 a
863 1745 1017 1827 creasse.)

601 1876 645 1940 Et
659 1877 700 1939 de
715 1877 841 1941 residuo
857 1877 1021 1941 feodorum
1036 1877 1181 1941 militum
1196 1879 1232 1941 in
1247 1878 1491 1962 wappentachio
1506 1878 1653 1962 predicto
1667 1877 1770 1941 nichil
1784 1878 1922 1941 ulterius
1948 1878 2056 1942 sciant

566 1960 772 2049 [presentare.
817 1966 857 2029 In
872 1966 964 2050 cujus
979 1965 1025 2029 rei
1039 1967 1264 2029 testimoninm
1279 1962 1357 2052 etc]

1161 2288 1456 2378 [saansaan]

602 2452 778 2539 Inquisicio
807 2460 903 2539 capta
931 2454 1016 2539 apud
1047 2452 1230 2518 Grantham
1260 2454 1314 2517 die
1344 2454 1476 2517 Sabbati
1506 2459 1579 2539 post
1609 2452 1730 2519 festum
1760 2454 1872 2519 Sancti
1908 2454 2056 2519 Barnahs

558 2540 717 2625 Apostoli,
733 2562 818 2605 anno
831 2543 923 2626 regni
938 2544 1025 2626 regis
1039 2541 1175 2605 Henrici
1190 2543 1274 2606 serti
1289 2546 1380 2605 sexto
1394 2562 1503 2604 coram
1517 2540 1667 2605 Johanne
1691 2541 1779 2606 Lake
1803 2542 1844 2606 de
1870 2541 2053 2607 Grantham

561 2635 628 2709 (etc.
644 2653 680 2694 as
697 2630 823 2712 before),
840 2650 896 2712 per
911 2635 1147 2693 sacramentum
1165 2634 1226 2695 eta.
1243 2631 1300 2715 qui
1315 2630 1428 2693 dicunt
1443 2627 1529 2713 qaod
1541 2650 1595 2691 :-

558 2909 573 2967 t
601 2816 686 2969 Suntt
699 2821 735 2882 in
750 2818 900 2902 parochia
914 2820 1059 2887 Vannius
1074 2819 1231 2885 Lassosn
1246 2820 1310 2883 nisi
1325 2826 1398 2883 octo
1424 2838 1558 2904 persone
1583 2817 1808 2883 inhabitantes
1829 2822 1863 2883 et
1888 2820 2054 2886 domicilia

575 2926 656 2969 enen
675 2927 718 2969 es.

602 3043 643 3107 In
658 3044 809 3127 parochia
822 3043 863 3107 da
879 3045 1105 3127 Quassuouoa
1121 3049 1198 3109 sunt
1212 3045 1276 3109 nisi
1291 3049 1364 3108 octo
1380 3065 1514 3128 persone
1529 3043 1753 3108 inhabitantes
1767 3051 1829 3109 eto.

543 3239 548 3248 ,
600 3178 637 3243 Io
677 3180 826 3257 parochis
854 3179 895 3242 de
934 3180 1049 3247 Snowa
1085 3198 1159 3243 cum
1188 3180 1312 3263 capella
1341 3180 1382 3243 de
1412 3180 1590 3246 Basanose
1619 3186 1696 3244 sunt
1723 3181 1788 3243 nisi
1817 3183 1889 3243 octo
1918 3201 2052 3264 persone

557 3264 782 3329 inhabitantes
797 3272 858 3330 etc.

597 3404 637 3467 In
653 3402 802 3488 parochia
816 3404 857 3468 de
875 3404 1043 3473 Sirenses
1060 3411 1137 3469 sunt
1151 3407 1215 3470 nisi
1230 3411 1303 3471 octo
1317 3426 1453 3491 persone
1467 3405 1692 3470 inhabitantes
1707 3410 1769 3470 etc.

600 3541 642 3605 In
656 3541 807 3625 parochia
822 3543 863 3606 da
881 3543 1097 3609 Sraowasrou
1114 3547 1190 3607 sunt
1204 3544 1270 3607 nisi
1286 3565 1341 3608 sex
1357 3542 1579 3608 inhabitantes
1595 3549 1657 3608 etc.

597 3677 638 3740 In
653 3677 803 3762 parochia
818 3679 858 3743 de
873 3680 1072 3747 Wsonwnnn
1086 3700 1152 3744 non
1166 3685 1242 3745 sunt
1258 3681 1367 3766 aliqua
1382 3699 1514 3765 persone
1529 3679 1749 3744 inhabitantes
1763 3685 1825 3742 etc.

597 3812 637 3877 In
653 3814 746 3901 cujus
760 3816 809 3879 rei
824 3816 1051 3880 testimonium
1066 3821 1127 3882 etc.

1174 4111 1448 4180 STAUNFORD,

596 4275 774 4357 Inquisicio
789 4281 883 4357 capta
897 4273 984 4356 apud
1000 4272 1105 4358 Gorby
1117 4275 1151 4337 in
1168 4273 1331 4338 Kesteven
1347 4274 1401 4337 die
1418 4273 1536 4338 Martis
1550 4275 1696 4356 proximo
1710 4279 1783 4358 post
1798 4274 1919 4338 festum
1935 4274 2054 4339 Sancte

543 4361 725 4425 ‘trinitatis
739 4381 825 4424 anno
840 4363 930 4444 regni
952 4357 1054 4446 [regis
1071 4361 1204 4424 Henrici
1220 4361 1303 4425 sexti
1319 4358 1409 4447 post]
1430 4367 1643 4445 conquestum
1658 4371 1748 4425 sexto
1773 4383 1881 4425 coram
1904 4361 2055 4427 iohanne

553 4448 663 4534 Leyke
677 4449 720 4513 de
735 4446 913 4512 Grantham
932 4454 1000 4524 (etc.
1017 4471 1052 4514 as
1069 4450 1195 4532 before),
1211 4469 1269 4530 per
1284 4453 1525 4512 sacramentum
1539 4453 1600 4512 eto.
1617 4450 1675 4533 qui
1689 4449 1804 4513 dicunt
1818 4450 1903 4533 quod
1914 4471 1967 4512 :-

596 4637 741 4702 Ecclesia
758 4637 875 4704 Sasona
890 4637 994 4702 Parra
1008 4637 1049 4700 de
1066 4637 1263 4705 Srsnaaoan
1278 4629 1365 4700 valet
1381 4658 1436 4721 per
1450 4612 1572 4700 annum
1588 4656 1689 4720 usque
1714 4638 1756 4700 ad
1783 4658 1991 4722 suppremum
2017 4643 2053 4704 et

554 4727 733 4789 maximum
748 4723 887 4787 valorem
903 4724 1051 4810 ejusdem
1148 4764 1159 4776 -
1250 4765 1261 4775 -
1352 4765 1363 4776 -
1454 4763 1465 4775 ·
1555 4764 1566 4775 ·
1657 4774 1664 4788 .
1713 4774 1720 4789 .
1768 4775 1776 4788 .
1824 4775 1831 4789 .
1879 4775 1887 4790 .
1934 4775 1941 4789 .
1989 4775 1997 4790 .
2045 4776 2053 4791 .

596 4878 737 4942 Ecclesia
755 4878 873 4944 Sessar
888 4877 909 4944 J
910 4897 1052 4944 onauurs
1067 4876 1214 4961 ejusdem
1229 4877 1328 4962 burgi
1343 4876 1497 4940 valetote
1499 4917 2054 4948 ..........

595 5032 739 5096 Ecclesia
749 5031 860 5097 Bassa
870 5031 1038 5097 Mamas
1049 5036 1182 5114 pontem
1193 5031 1340 5116 ejusdem
1351 5031 1447 5116 burgi
1459 5031 1547 5095 valet
1563 5036 1627 5095 etc.

559 5267 562 5274 .
595 5185 739 5248 Ecclesia
755 5183 873 5252 Sancus
890 5182 994 5249 Psnm
1011 5181 1156 5266 ejusdem
1172 5183 1266 5267 burgi
1280 5183 1368 5247 valet
1383 5188 1445 5250 etc.
1557 5222 1568 5234 -

595 5337 738 5401 Ecclesia
754 5335 873 5404 Sason
887 5333 1032 5402 Gnoson
1048 5334 1195 5419 ejusdem
1211 5334 1307 5418 burgi
1322 5335 1409 5398 valet
1424 5340 1487 5400 etc.
1593 5375 1604 5385 -
1696 5374 1707 5385 -
1797 5373 1809 5384 -
1922 5334 1929 5348 '

593 5492 742 5559 Ecclesia
758 5491 877 5557 Sason
893 5489 1081 5554 ansnnrs
1097 5489 1244 5574 ejusdem
1259 5489 1354 5574 burgi
1370 5489 1456 5552 valet
1471 5494 1533 5553 etc.
1581 5527 1591 5539 -
1684 5527 1695 5539 ·
1786 5528 1797 5539 -
1887 5529 1897 5540 -

594 5641 739 5706 Ecclesia
754 5641 894 5706 Ousruu
911 5639 1108 5706 Sisocosuu
1123 5641 1158 5702 in
1174 5640 1241 5704 ioro
1256 5641 1402 5725 ejusdem
1418 5640 1512 5724 burgi
1529 5638 1616 5702 valet
1632 5641 1693 5703 etc.
1741 5678 1752 5689 -
1840 5637 1884 5722 vj.
1895 5661 1922 5704 s.
1939 5639 2008 5725 viij.
2019 5642 2053 5707 cl.

592 5792 736 5856 Ecclesia
753 5791 872 5858 Sascsr
887 5792 1036 5858 Msasrru
1050 5791 1198 5880 ejusdem
1213 5794 1309 5877 burgi
1325 5793 1411 5856 valet
1426 5797 1489 5856 etc.
1604 5831 1616 5842 -
1705 5789 1811 5875 iiiiii.
1829 5787 1898 5875 xiij.
1908 5812 1934 5854 s.
1950 5789 2011 5876 iiij.
2021 5793 2054 5858 d.

591 5945 735 6009 Ecclesia
751 5944 891 6012 Ouuruu
909 5944 1106 6014 Ssucnoaau
1122 5947 1209 6012 ultra
1223 5953 1361 6032 pontem
1377 5945 1522 6030 ejusdem
1545 5943 1641 6026 burgi
1657 5940 1745 6007 valet
1763 5946 1827 6008 etc.
1916 5961 2056 6012 aaran.
