5000 7050
1116 1110 1198 1177 an.
1223 1114 1319 1177 nala.
1899 1119 1961 1183 471
2003 1097 2006 1103 ’

561 1390 783 1461 nmmos
799 1417 844 1462 nn
859 1346 1098 1468 WALSliAM.
1145 1398 1190 1463 Et
1204 1402 1305 1465 estin
1321 1421 1423 1465 manu
1437 1400 1595 1466 Johannis
1610 1403 1651 1466 de
1666 1402 1873 1489 Claverynge.

1241 1538 1339 1602 abbas
1354 1539 1468 1603 Sancti
1484 1538 1657 1604 Benedicti
1672 1540 1712 1604 de
1728 1541 1861 1606 Hulmo.

1243 1626 1427 1689 Willelmua
1442 1626 1561 1692 Ridell.

1241 1713 1404 1778 Jchannea
1419 1715 1451 1777 la
1465 1713 1592 1797 Welya.
1677 1748 1684 1760 -

1241 1802 1393 1886 priorissa
1408 1800 1449 1864 de
1465 1799 1627 1867 Carhowe.

1240 1937 1338 2002 abbas
1354 1936 1466 2000 Sancti
1482 1935 1655 2001 Benedicti
1669 1938 1711 2001 de
1725 1938 1859 2003 Hulmo.

1242 2026 1330 2110 prior
1345 2024 1385 2087 de
1401 2022 1553 2089 Bestone.

1241 2112 1410 2175 comitissa
1424 2110 1455 2177 le
1470 2111 1661 2176 Mareschal.

1243 2198 1359 2263 Petrus
1375 2197 1541 2283 Buxskyn.

1242 2285 1408 2371 Margaria
1421 2286 1453 2348 la
1468 2285 1593 2370 Folyet.

1242 2374 1272 2437 N
1275 2372 1419 2437 icholaus
1434 2372 1475 2436 de
1489 2372 1627 2437 Trunca.

506 1656 687 1727 Bssnwm
768 1702 1184 1723 .....

507 2145 736 2213 Rsnunnwrcn
750 2167 825 2211 cnm
846 2148 1084 2219 Pssnnsroann
1174 2196 1185 2207 -

1242 2596 1408 2659 comitissa
1422 2594 1606 2658 Marischal.

1242 2682 1404 2767 Margania
1419 2702 1482 2764 quc
1496 2682 1562 2744 fuit
1576 2702 1657 2745 uxor
1674 2681 1809 2746 Jordani
1824 2680 1942 2745 Foliot.

1242 2770 1404 2832 Henricus
1418 2768 1447 2831 ls
1463 2767 1553 2833 Oaat.

1244 2855 1422 2919 Patronilla
1436 2854 1477 2919 de
1491 2854 1601 2919 Brom.

1243 2941 1265 3007 J
1266 2940 1411 3007 ohannes
1426 2944 1467 3006 dc
1482 2942 1663 3023 Donewico,
1683 2962 1818 3025 persona
1832 2942 1963 3006 ecclesie

1247 3088 1254 3097 .
1288 3030 1400 3095 Sancti
1415 3030 1599 3096 Laurancii.

478 2528 494 2543 '
1241 2508 1342 2573 abbas
1357 2508 1470 2572 Sancti
1484 2506 1656 2571 Benedicti
1670 2506 1710 2570 de
1725 2506 1861 2571 Hulmo.

509 2758 680 2827 Wsnsusu
769 2803 1187 2821 .....
1217 2532 1241 3086 {

1244 3169 1413 3253 episcopua
1427 3168 1577 3237 Norwici.

1243 3255 1394 3321 domiuus
1409 3256 1514 3340 Wydo
1528 3256 1697 3322 Buteturt.

1244 3344 1349 3425 priore
1364 3342 1405 3406 da
1420 3340 1572 3407 Beatone.

1245 3430 1364 3493 Petrus
1378 3426 1548 3513 Bukslsyn.

1176 3518 1187 3531 “
1243 3514 1394 3580 dominns
1408 3515 1593 3581 Willelmns
1609 3515 1784 3600 Gerberge.

1244 3602 1398 3668 Matheus
1413 3605 1454 3668 de
1470 3602 1629 3669 Redham.

1244 3690 1342 3754 abbas
1358 3689 1468 3754 Sancti
1486 3689 1657 3755 Benedicti
1672 3690 1714 3754 de
1730 3691 1863 3754 Hulmo.

1244 3777 1426 3843 Petronilla
1441 3778 1482 3842 de
1495 3777 1605 3846 Brcm.

1243 3927 1399 3994 Matbeus
1415 3929 1456 3992 de
1472 3926 1631 3994 Redham.

1244 4015 1420 4081 Nichclaus
1435 4013 1605 4100 Bukskyn.

506 4103 657 4171 Frasann
668 4144 1187 4156 ------
1244 4105 1361 4168 Petrus
1376 4101 1542 4186 Buxskyn.

1244 4189 1410 4256 Jchannes
1424 4190 1465 4255 de
1480 4189 1622 4272 Fyssela.

1246 4275 1434 4362 Stephanus
1448 4276 1591 4361 Daryng.

1242 4417 1340 4482 abbas
1355 4416 1397 4479 da
1411 4416 1586 4500 Tynterna.

506 4503 595 4570 Ocua
664 4543 1184 4556 ······
1223 4424 1408 4653 {comitissa
1423 4500 1609 4568 Marischal.

1242 4591 1428 4655 Willelrnua
1443 4591 1483 4653 de
1499 4589 1587 4654 Ocle.

1241 4732 1411 4814 episcopus
1427 4729 1577 4794 Ncrwici.
1670 4775 1671 4780 η

1241 4817 1425 4880 Willelmue
1440 4816 1480 4880 de
1497 4815 1685 4900 Lyncolnia.

504 4901 687 4970 Bannuuou
763 4943 1182 4957 -----
1242 4904 1347 4968 Adam
1362 4904 1403 4966 de
1420 4902 1683 4988 Hyndringham.

1241 4991 1420 5076 Gregorius
1434 4991 1474 5053 de
1490 4988 1740 5075 Felmyugham.

1241 5077 1382 5142 isabella
1398 5077 1541 5143 Bardclf.

1243 5215 1382 5279 isabella
1396 5214 1539 5279 Barduli.

504 5299 646 5368 Mounon
663 5341 1080 5355 -----
1090 5315 1094 5324 ·
1172 5341 1183 5352 -
1223 5223 1394 5450 {oliverus
1409 5302 1450 5366 de
1465 5301 1632 5366 Moutone.

1243 5386 1431 5474 Stephanus
1445 5389 1586 5474 Deryng.
1632 5449 1637 5454 .

1241 5526 1382 5630 Isabella
1396 5525 1540 5629 Barduli.
1554 5614 1560 5628 Ι

506 5741 679 5811 Tm„
766 5783 1183 5797 ,,,,,
1215 5551 1784 6020 It

1240 5788 1419 5851 Alexander
1435 5789 1475 5852 da
1490 5787 1672 5851 Northwro.

1242 5875 1425 5938 Willelmus
1440 5875 1482 5939 ds
1500 5874 1678 5938 Moneslee.

1238 5960 1388 6028 Johanna
1402 5962 1442 6026 de
1458 5960 1622 6032 Gateston.
