5000 7050
1147 1039 1385 1106 APPENDIX.

984 1334 1204 1400 Huunaahuu
1228 1355 1272 1398 uu
1295 1332 1553 1400 HENSTEDE.

559 1469 697 1531 Thomas
733 1469 936 1550 Moumhray‚
973 1467 1076 1545 miles,
1114 1469 1171 1551 qui
1201 1474 1252 1530 est
1281 1468 1366 1531 infra
1402 1471 1523 1530 etatem
1562 1473 1624 1530 etc.
1656 1473 1746 1529 tenet
1783 1466 1828 1531 di.
1856 1467 1878 1528 l.
1904 1489 1950 1532 m.
1984 1468 2022 1528 in

518 1557 782 1622 Krauaauaunors
798 1556 838 1618 de
852 1575 939 1640 rege,
954 1556 1039 1637 quod
1053 1553 1217 1618 Iohannes
1234 1554 1351 1618 Warde
1366 1574 1454 1616 nunc
1469 1559 1559 1617 tenet
1574 1556 1615 1616 de
1630 1554 1720 1616 dicto
1735 1553 1870 1618 Thomu.

560 1693 652 1756 Idem
676 1692 818 1756 Thomas
844 1699 933 1756 tenet
958 1693 1011 1777 iij·
1031 1698 1137 1775 quart.
1154 1693 1177 1757 f.
1202 1714 1247 1758 m.
1273 1694 1308 1755 in
1337 1693 1572 1758 Faauruomu
1599 1691 1707 1756 Paxos
1733 1691 1872 1776 detege
1899 1693 1955 1756 i.c.
1984 1701 2021 1756 et

518 1780 761 1843 Bartholomaeus
777 1779 884 1864 Pykot
900 1800 987 1843 nuuc
1002 1787 1105 1844 tenet.

560 1919 654 1982 Idem
669 1916 809 1982 Thomas
823 1923 914 1983 tenet
924 1918 951 2002 j.
969 1922 1074 2002 quart.
1090 1916 1114 1982 f.
1127 1939 1173 1983 m.
1184 1919 1218 1979 in
1235 1917 1441 1983 &mucoso
1456 1915 1496 1979 de
1512 1935 1589 1999 rege
1605 1917 1658 1982 i.c.
1671 1917 1756 2002 quod
1772 1915 2022 1982 Bartholomeus

517 2006 624 2090 Pykot
639 2026 725 2069 nune
740 2012 842 2071 tenet.

555 2144 649 2209 Idem
664 2145 805 2208 Thomas
819 2149 914 2207 tenet
929 2144 973 2208 di.
990 2148 1097 2226 quart.
1113 2144 1137 2208 f.
1154 2143 1246 2209 min
1265 2144 1492 2210 Summanum
1508 2143 1549 2206 de
1563 2161 1638 2226 rege
1654 2141 1708 2209 i.c.
1720 2149 1754 2206 et
1771 2131 2022 2207 Bartholomeur

515 2231 625 2316 Pykot
638 2252 725 2296 nunc
740 2237 843 2296 tenet.

559 2371 651 2436 Idem
666 2372 804 2434 Thomas
817 2379 879 2436 etc.
900 2378 947 2450 (os
959 2374 1132 2454 mecedlnq
1147 2376 1264 2453 err-try).

561 2509 651 2572 Idem
680 2509 819 2573 Thomas
855 2517 945 2573 tenet
973 2509 1018 2572 di.
1049 2515 1155 2595 quart.
1183 2509 1206 2574 f.
1234 2531 1279 2574 m.
1312 2508 1345 2570 in
1377 2493 1577 2574 Yauvaauou
1608 2508 1648 2571 de
1679 2527 1753 2592 rege
1785 2509 1839 2574 i.c.
1866 2516 1897 2571 et
1930 2510 2023 2574 idem

516 2595 764 2660 Bartholomeus
778 2618 864 2660 nunc
880 2602 983 2660 tenet.

560 2734 653 2797 Idem
682 2734 821 2797 Thomas
851 2741 944 2798 tenet
968 2735 996 2818 j.
1028 2734 1049 2799 f.
1080 2757 1124 2800 m.
1157 2736 1191 2797 in
1217 2735 1505 2801 quenrauuouru
1536 2732 1577 2794 de
1608 2753 1682 2816 rega
1708 2733 1760 2797 ic.
1788 2738 1824 2797 et
1853 2733 2024 2800 Iohannes

516 2820 697 2906 Copuldylr,
713 2822 818 2899 miles,
835 2827 925 2885 tenet
941 2822 981 2886 de
995 2842 1044 2886 ec.

558 2958 668 3022 Abhas
690 2958 730 3022 de
756 2959 929 3022 larandon
958 2965 1052 3021 tenet
1071 2958 1099 3041 j.
1115 2963 1220 3040 quart.
1247 2958 1269 3020 f.
1287 2981 1331 3024 m.
1359 2960 1392 3020 iu
1420 2959 1578 3022 Kraaaar
1602 2956 1717 3021 Bruou
1745 2957 1784 3021 de
1807 2978 1885 3042 rege
1909 2959 1962 3024 i.c.
1986 2969 2022 3022 et

517 3047 662 3111 Herveus
676 3043 830 3130 Rochagh
846 3051 878 3109 et
895 3044 1058 3109 Iohannes
1073 3045 1230 3129 Sturmyu
1246 3052 1360 3110 tenent
1376 3046 1416 3108 de
1432 3064 1480 3108 eo.

557 3177 697 3242 Thomas
712 3178 903 3260 Moumbray
918 3186 981 3244 etc.
998 3182 1089 3241 tenet
1103 3178 1147 3242 di.
1164 3176 1187 3242 f.
1202 3201 1248 3243 m.
1264 3165 1303 3240 in⁸
1318 3181 1544 3246 Suauruuuru
1559 3180 1688 3264 detege
1715 3182 1768 3246 i.e.
1794 3189 1830 3245 et
1854 3182 1953 3246 abhas
1981 3184 2024 3246 de

516 3266 670 3352 Langlee,
688 3265 870 3328 Willelmus
885 3265 1009 3349 Leygh,
1026 3267 1130 3338 miles.
1147 3273 1179 3329 ct
1196 3265 1371 3330 Nicholaus
1386 3265 1486 3331 Briau
1502 3273 1618 3330 tenent
1634 3268 1674 3331 dc
1689 3287 1737 3334 co.

560 3405 652 3468 idem
668 3401 808 3466 Thomas
823 3410 915 3466 tenet
926 3403 953 3487 j.
971 3404 993 3469 f.
1009 3424 1053 3468 m.
1069 3403 1104 3465 iu
1131 3405 1359 3470 Suauuuonau
1384 3404 1426 3467 de
1451 3424 1541 3490 rege,
1565 3411 1600 3470 et
1626 3404 1808 3470 Willclmus
1831 3407 1870 3469 de
1895 3407 2024 3492 Leygh,

516 3491 623 3569 miles,
636 3495 728 3555 tenet
744 3490 784 3555 de
800 3511 847 3557 eo.

558 3629 674 3694 comes
688 3629 876 3693 Arandellic
896 3636 989 3693 tenet
1012 3631 1046 3692 in
1062 3630 1260 3697 Yauvaauou
1272 3630 1297 3715 j.
1314 3638 1419 3715 quart.
1436 3632 1458 3696 f.
1475 3654 1519 3697 m.
1535 3632 1575 3695 de
1589 3651 1665 3717 rege
1681 3632 1732 3697 i.c.
1749 3637 1785 3697 et
1799 3630 1965 3697 Iohannes
1981 3634 2023 3699 de

515 3718 693 3781 Yelverton
708 3737 795 3780 nunc
810 3722 901 3780 tenet
916 3717 956 3780 de
971 3737 1020 3780 ao.

557 3856 651 3919 Idem
676 3876 780 3918 comes
803 3860 895 3919 tenet
918 3858 951 3918 in
980 3856 1207 3922 Suauuuoaau
1234 3860 1268 3919 et
1293 3856 1513 3922 Yauvaarouu
1540 3856 1580 3919 de
1607 3876 1682 3939 rega
1698 3857 1727 3939 j.
1744 3862 1850 3941 quart.
1874 3858 1896 3922 f.
1913 3880 1959 3925 m.
1983 3868 2020 3941 et

512 3941 791 4094 ἐῗέἑῃιοιξὲξῖἓηε,
807 3942 954 4021 clericus,
970 3944 1126 4027 magister
1140 3942 1270 4027 collegii
1284 3942 1325 4006 de
1341 3941 1569 4029 Metyngham,
1585 3944 1682 4008 ataui
1694 3950 1841 4009 macutes
1853 3950 1967 4009 tenent
1979 3947 2021 4011 de

558 4167 698 4231 Thomas
724 4168 915 4251 Moumbray
941 4171 1003 4233 etc.
1029 4173 1120 4232 tenet
1145 4168 1191 4233 di.
1208 4174 1315 4254 quart.
1342 4170 1366 4233 l.
1384 4191 1428 4235 m.
1453 4170 1488 4232 in
1513 4170 1712 4235 Yauvaarou
1737 4168 1777 4233 de
1804 4188 1879 4254 rege
1903 4171 1957 4236 i.c.
1986 4178 2024 4236 et

515 4255 680 4321 Johannea
695 4255 872 4319 Yelverton
889 4262 984 4319 tenet
1000 4255 1042 4318 de
1057 4275 1105 4320 eo.

519 4484 525 4497 Ι
558 4391 813 4544 IdemtThomas
839 4398 930 4457 tenet
954 4393 979 4479 j.
995 4395 1176 4457 manerium
1200 4394 1235 4456 in
1261 4394 1496 4460 Fausianam
1521 4395 1562 4458 de
1587 4414 1662 4478 rege
1688 4394 1741 4459 i.c.
1760 4414 1816 4477 per
1841 4393 1927 4477 quod
1955 4401 2020 4461 etc.

516 4502 650 4567 ignorari
667 4529 680 4545 -.

556 4619 650 4682 Idam
676 4618 815 4681 Thomas
840 4622 932 4682 tenet
954 4617 981 4702 j.
996 4618 1019 4683 f.
1035 4640 1080 4684 m.
1097 4620 1131 4681 in
1159 4619 1382 4687 Saxuuuauru
1409 4619 1449 4682 de
1475 4639 1551 4704 rege
1575 4620 1628 4684 i.c.
1644 4624 1678 4682 et
1693 4618 1858 4683 Iohannes
1875 4618 2018 4703 Bernalr,

514 4707 622 4787 miles,
637 4725 724 4770 nuuc
740 4712 832 4769 tenet
847 4705 889 4769 de
905 4725 955 4770 ao.

557 4843 665 4907 Abbas
680 4842 791 4906 Sancti
806 4841 977 4906 Benedicti
992 4842 1033 4905 de
1051 4842 1175 4905 Hulmo
1191 4848 1283 4907 tenet
1299 4845 1333 4905 in
1351 4846 1574 4910 duramenta
1590 4842 1634 4907 di.
1653 4842 1676 4909 f.
1692 4864 1738 4908 m.
1755 4843 1794 4907 de
1817 4864 1890 4927 rege
1913 4845 1966 4910 i.c.
1985 4856 2023 4910 et

514 4929 686 4995 Michaelis
700 4931 740 4993 de
756 4930 788 4993 Ia
803 4929 892 5008 Pool,
910 4949 1018 4994 comas
1034 4928 1204 5009 Suffolkie,
1220 4938 1315 4995 tenet
1330 4932 1371 4994 de
1385 4950 1433 4995 so.

558 5070 653 5133 Idem
676 5068 775 5132 abbas
801 5073 895 5133 tanet
920 5070 955 5131 in
981 5069 1205 5137 Suessam
1226 5069 1255 5153 j.
1271 5076 1377 5153 quart.
1394 5070 1416 5133 f.
1434 5090 1478 5133 m.
1503 5067 1544 5132 de
1571 5067 1686 5131 eodem
1701 5086 1787 5153 rege,
1804 5073 1839 5132 et
1854 5068 2022 5153 prediatus

453 5180 457 5186 ’
515 5155 689 5222 Michaelis
705 5155 747 5219 de
761 5155 795 5219 la
810 5155 889 5219 Pool
904 5161 998 5219 tenet
1013 5155 1054 5221 de
1069 5176 1118 5221 ao.

559 5296 653 5359 Idem
677 5295 774 5359 abbas
796 5299 890 5358 tenet
914 5296 948 5357 in
974 5294 1088 5359 eadam
1103 5295 1182 5359 villa
1203 5295 1249 5361 di.
1266 5296 1288 5359 f.
1305 5316 1351 5361 m.
1367 5294 1407 5357 de
1430 5313 1506 5377 rege
1521 5294 1573 5360 i.c.
1590 5298 1625 5357 et
1641 5286 1729 5356 idam
1746 5293 1917 5357 Michaelis
1932 5294 1974 5359 de
1989 5296 2024 5360 la

516 5384 606 5461 Pool‚
620 5389 654 5446 et
667 5382 821 5445 Edmund
836 5382 946 5467 Rynet
959 5386 1074 5446 tenent
1089 5382 1132 5445 de
1145 5403 1194 5448 eo.

557 5522 660 5586 Heres
685 5522 816 5585 comitis
843 5519 1000 5599 Marchis,
1026 5523 1084 5603 qui
1110 5529 1160 5585 est
1185 5522 1271 5585 iufra
1296 5526 1420 5586 etatem
1448 5526 1512 5584 etc.
1539 5518 1808 5584 renotatam.
1837 5519 1871 5582 in
1902 5520 2023 5601 Suom,

518 5612 729 5687 sacrarum,
757 5615 790 5672 et
823 5608 1046 5675 Summam
1072 5609 1111 5672 de
1138 5630 1215 5694 rege
1239 5612 1294 5675 i.c.
1324 5616 1359 5674 et
1389 5606 1566 5671 Nicholaus
1597 5606 1761 5669 Lauranoe
1789 5618 1823 5669 et
1854 5610 2025 5673 comilissa

517 5697 673 5761 Suffolkie
688 5703 806 5759 tenent
820 5696 859 5757 de
874 5716 921 5758 eo.

559 5834 699 5898 Thomas
725 5834 916 5915 Moumbray
941 5840 1002 5897 etc.
1030 5839 1119 5897 tenet
1145 5835 1178 5897 in
1207 5834 1314 5901 Suoua
1338 5835 1363 5919 j.
1381 5840 1487 5916 quart.
1504 5833 1527 5896 f.
1545 5854 1590 5897 m.
1616 5831 1657 5895 de
1684 5850 1759 5915 rege
1793 5838 1827 5895 et
1852 5833 2023 5897 comitissa

519 5922 676 5986 Suffolkie
691 5927 782 5986 tenet
797 5921 836 5985 ds
851 5940 900 5984 eo.
