5000 7050
1092 1117 1196 1185 .A.D.
1222 1122 1319 1187 1302.
1894 1121 1958 1183 413

498 1406 660 1472 Robertus
682 1408 723 1471 de
746 1408 903 1475 Welhoim
927 1414 1021 1475 tenet
1033 1412 1070 1474 in
1085 1411 1198 1475 endem
1213 1410 1259 1474 di.
1274 1410 1297 1475 f.
1313 1410 1353 1473 de
1367 1408 1516 1474 Johanne
1533 1410 1573 1473 de
1590 1410 1749 1496 Ingelose,
1764 1416 1799 1475 et
1814 1410 1900 1475 idem
1915 1409 1956 1471 de

451 1492 597 1559 Rcbertc
612 1495 655 1559 de
671 1495 787 1561 Monte
803 1498 890 1578 Alto,
906 1501 941 1561 et
955 1498 1042 1562 idem
1058 1498 1098 1562 de
1111 1518 1215 1609 rego.x
1998 1512 2002 1517 '

498 1631 662 1699 Johannes
675 1634 717 1698 dc
733 1634 797 1718 Scy
812 1640 902 1701 tenet
916 1656 1019 1700 unum
1035 1638 1236 1722 quarterium
1251 1636 1336 1702 leodi
1351 1637 1387 1701 in
1402 1636 1516 1701 eadem
1530 1636 1568 1700 ds
1584 1636 1748 1702 Willclmo
1770 1636 1811 1700 de
1827 1636 1899 1721 Scy,
1922 1641 1955 1699 et

449 1720 546 1785 idem
560 1721 601 1785 de
615 1725 735 1787 comite
751 1722 934 1804 Glovernie,
949 1729 984 1788 et
998 1725 1087 1791 idem
1102 1724 1143 1788 de
1157 1745 1246 1809 rege.

499 1856 661 1924 Robertus
685 1858 727 1924 de
751 1860 923 1925 Teteshale
947 1866 1038 1927 tenet
1062 1862 1097 1926 in
1113 1863 1268 1929 'imnum
1284 1882 1388 1927 unum
1402 1864 1582 1925 manerium
1599 1882 1674 1925 cum
1689 1862 1899 1945 pertinenciis
1915 1861 1954 1926 de

450 1944 589 2010 dominc
602 1966 678 2030 rege
690 1948 741 2013 i.c.
757 1968 815 2031 pro
830 1953 952 2035 quanto
966 1948 1053 2014 feodi
1067 1956 1101 2014 et
1116 1971 1173 2034 per
1186 1951 1274 2035 quod
1290 1952 1461 2014 servicium
1477 1950 1652 2034 ignoratur.

502 2082 605 2147 Abbes
628 2083 740 2149 Sancti
764 2083 933 2150 Benedicti
959 2091 1050 2150 tenet
1075 2088 1109 2150 in
1135 2086 1247 2151 eadem
1274 2107 1376 2150 unum
1403 2086 1583 2149 manerium
1598 2106 1674 2149 cum
1688 2086 1900 2169 pertinenciis
1916 2086 1955 2150 de

450 2168 587 2235 domino
600 2192 679 2257 rege
693 2174 746 2240 ic.
761 2193 818 2257 pro
832 2179 955 2257 quunto
970 2173 1056 2238 leodi
1072 2180 1107 2238 ct
1120 2196 1178 2259 per
1192 2176 1278 2259 quod
1294 2172 1468 2239 servicium
1484 2174 1663 2258 ignoratur.

500 2308 685 2372 willelmus
700 2309 739 2374 de
754 2308 895 2393 Colncys
908 2315 1001 2376 tenet
1015 2312 1051 2375 in
1066 2310 1178 2376 eedem
1189 2311 1217 2395 j.
1232 2311 1256 2376 f.
1273 2331 1317 2377 m.
1334 2310 1373 2375 ds
1388 2308 1513 2375 Thomu
1527 2310 1567 2376 de
1582 2310 1747 2387 verdoun,
1762 2315 1797 2375 et
1811 2311 1899 2375 idem
1914 2310 1955 2375 de

452 2398 573 2460 comite
588 2396 789 2478 Murcscuilo,
805 2402 839 2460 et
854 2398 942 2463 idem
957 2398 996 2462 de
1011 2418 1098 2484 rege.

456 2531 661 2685 ·dJ⁰h3¹m⁰⁵
675 2534 716 2599 de
731 2534 907 2622 Hestinges
921 2540 1011 2601 tenet
1024 2537 1057 2600 in
1075 2534 1188 2601 ecdem
1204 2532 1344 2602 rilindi.
1361 2535 1384 2601 f.
1401 2535 1441 2599 de
1456 2534 1575 2600 nbbste
1592 2534 1704 2601 Sancti
1728 2536 1904 2617 Edmundi,
1920 2542 1955 2601 et

453 2642 467 2685 ι
491 2641 543 2685 em
580 2641 703 2707 erege.

921 2888 1142 2957 Hununnnnu
1164 2908 1208 2955 nn
1231 2886 1499 2957 GILDEOROS.

832 3055 996 3145 [meinai
1010 3059 1198 3143 inquesitas
1209 3057 1342 3141 penten
1353 3078 1408 3141 pp.
1431 3052 1582 3143 monn]

867 3334 1087 3403 Hunnnnnuu
1109 3356 1154 3403 nn
1177 3334 1368 3403 HUMYLL
1377 3332 1546 3421 [YERD].

841 3500 1006 3591 [Oripinal
1019 3506 1208 3589 inquisition
1217 3505 1349 3590 printed
1359 3527 1417 3589 pp.
1440 3499 1569 3589 442-4]

907 3797 1139 3880 ,Honorinum
1161 3819 1205 3863 uu
1228 3797 1498 3865 FOURHOWE.

841 3957 1007 4047 [Oripicci
1019 3962 1208 4045 inquisition
1218 3961 1349 4044 printei
1360 3983 1416 4044 pp.
1440 3957 1568 4046 444-6.]

888 4276 1110 4343 Hunnnnnnu
1132 4297 1176 4342 nn
1200 4275 1516 4344 EYNESFORDE.

492 4438 705 4503 Veredictum
730 4437 851 4502 fuctum
873 4459 929 4522 per
944 4437 1134 4523 Philippum
1151 4439 1193 4504 de
1208 4427 1545 4516 Norton,'J0hannem
1561 4435 1602 4500 de
1619 4435 1751 4519 Byntre,
1768 4434 1789 4499 J
1791 4433 1951 4498 ohannem

448 4526 490 4590 de
506 4525 668 4607 Sunntou,
685 4526 863 4589 Radnifum
879 4526 918 4590 de
934 4525 1069 4610 Byntre,
1084 4526 1188 4589 Adam
1203 4527 1244 4590 dc
1260 4527 1352 4606 Gros,
1370 4527 1474 4589 Adam
1491 4525 1530 4588 de
1547 4524 1689 4608 Lyouus,
1707 4523 1886 4585 Martinum
1910 4522 1952 4586 de

449 4611 706 4699 Helmynghem,
720 4612 904 4678 Jchennem
920 4613 959 4677 de
984 4612 1137 4677 Audebck
1163 4614 1204 4677 de
1228 4611 1489 4698 Wychynghem,
1515 4611 1677 4695 Rogcrum
1704 4617 1775 4674 ntte
1800 4609 1887 4672 Beck
1912 4609 1952 4672 de

449 4701 556 4786 Lyng,
577 4699 786 4765 Bertrumum
813 4701 896 4765 slot
920 4701 962 4764 de
990 4700 1133 4780 Weston,
1163 4699 1330 4764 Simonem
1355 4701 1395 4764 de
1422 4699 1559 4765 Foxelec
1586 4699 1626 4762 de
1653 4695 1892 4782 Wychingham
1918 4703 1952 4760 et

449 4787 634 4853 Johunnem
648 4787 765 4852 Houdc
780 4788 820 4851 de
837 4788 935 4868 Snlle,
951 4789 1008 4872 qni
1027 4786 1142 4850 dicunt
1157 4785 1214 4852 isc.
1232 4789 1316 4872 quod
1329 4813 1383 4852 :—

494 4975 677 5040 Willelmus
699 4975 731 5038 le
754 4974 934 5039 Ma'reschal
960 4979 1053 5040 tenet
1079 4977 1114 5039 in
1144 4975 1304 5041 Fonsuln
1328 4977 1363 5038 in
1387 4975 1551 5039 dominico
1576 4978 1612 5037 et
1639 4973 1773 5037 servicio
1803 4977 1952 5057 quartum

449 5066 576 5147 partem
585 5063 613 5146 j.
630 5062 652 5128 f.
668 5062 709 5126 do
723 5064 842 5126 comite
858 5062 1033 5128 Glovemie
1047 5069 1082 5127 ct
1097 5064 1186 5127 idem
1199 5064 1241 5128 de
1257 5083 1343 5148 rege.

495 5197 741 5263 Bartholomeus
755 5199 795 5263 de
812 5198 927 5264 Bintre
942 5204 976 5263 et
991 5177 1140 5264 tenentes
1156 5202 1207 5264 sui
1221 5203 1336 5264 tenent
1348 5201 1384 5262 in
1402 5201 1530 5265 Bnrreu
1546 5201 1580 5260 et
1595 5197 1777 5264 Gnsnwnuu
1799 5197 1843 5260 di.
1861 5197 1883 5262 f.
1910 5197 1952 5260 dc

451 5287 591 5352 Roberto
605 5287 646 5351 de
661 5287 836 5370 Langetct‚
852 5293 886 5351 et
900 5287 989 5350 idem
1004 5287 1045 5350 de
1059 5289 1180 5351 comite
1196 5287 1378 5366 Glovemie‚
1393 5294 1427 5350 et
1442 5288 1528 5350 idem
1544 5285 1585 5348 dc
1600 5305 1686 5370 rege.

491 5424 630 5489 Thomas
644 5422 808 5508 Gerberge
822 5429 915 5488 tenet
940 5424 977 5488 in
1003 5423 1150 5503 Noricos,
1174 5424 1297 5504 Gerus,
1313 5431 1347 5488 et
1365 5424 1589 5490 Trnnnruonc
1604 5421 1815 5486 medictatem
1826 5421 1854 5504 j.
1870 5420 1894 5484 f.
1911 5420 1953 5483 de

447 5513 566 5576 comite
580 5511 773 5575 Wurrennie
787 5519 824 5575 st
837 5512 926 5574 idem
941 5511 980 5574 de
995 5530 1081 5594 rege.

468 5647 684 5801 tlpiplmnrpdus
697 5647 739 5712 de
754 5647 894 5712 (lethem
909 5652 1003 5712 tenet
1016 5649 1052 5711 in
1069 5647 1204 5713 Nomou
1220 5646 1264 5712 di.
1280 5647 1481 5731 quarterium
1492 5644 1519 5729 j.
1534 5643 1557 5711 f.
1570 5645 1609 5709 de
1625 5638 1776 5728 episcopo
1789 5640 1950 5724 Noruyci,
1973 5673 1975 5678 ·

449 5756 468 5801 e
496 5757 510 5800 1
532 5756 586 5800 sm
625 5756 643 5800 e
658 5756 746 5821 rege.

490 5871 630 5938 'ihomas
645 5871 808 5957 Gerberge
823 5875 917 5936 tenet
932 5873 969 5935 in
985 5872 1122 5938 Nomou
1138 5871 1350 5935 medietatem
1365 5871 1462 5934 unius
1477 5871 1637 5954 quarterii
1652 5869 1692 5933 de
1715 5865 1889 5932 Edmundo
1911 5864 1952 5928 de

449 5959 600 6042 Gelhem,
615 5963 651 6025 et
664 5960 751 6024 idem
765 5961 972 6044 decpiscopo
987 5960 1153 6055 Noruycip
1165 5965 1200 6023 et
1214 5959 1304 6022 idem
1321 5957 1361 6022 de
1375 5979 1461 6044 rego.
