5000 7050
1041 1046 1043 1051 ’
1138 1078 1343 1148 u.o.1sss.
1924 1078 1987 1143 ssu

533 1362 639 1427 Abbss
662 1363 775 1429 Senon
800 1365 971 1432 Benedicti
994 1368 1035 1433 ds
1061 1369 1186 1433 Hulmo
1201 1374 1294 1435 tenet
1308 1372 1343 1433 in
1361 1370 1530 1448 Susianos,
1547 1370 1738 1445 Lsrrunssn,
1757 1367 1937 1435 Sooruowu
1953 1367 1987 1428 et

491 1448 642 1516 Snnrrou
659 1451 752 1533 plura
763 1458 954 1521 tenemento
967 1475 1025 1538 per
1040 1457 1211 1541 servicium
1227 1457 1388 1535 militare,
1403 1462 1454 1522 set
1467 1477 1525 1541 per
1539 1460 1620 1541 quot
1635 1455 1730 1520 seoda
1743 1454 1921 1541 ignoratur.

533 1587 679 1653 Heredes
703 1590 863 1656 willelmi
889 1592 930 1657 de
956 1592 1101 1657 Haoiord
1127 1600 1242 1660 tenent
1266 1596 1301 1661 in
1326 1594 1543 1663 Courrsrrsnu
1569 1598 1638 1657 tres
1661 1598 1771 1678 partes
1791 1591 1818 1675 j.
1835 1592 1858 1655 f.
1876 1611 1921 1655 m.
1948 1588 1987 1652 de

488 1675 608 1739 eomite
625 1674 824 1756 warmume,
839 1684 874 1742 et
888 1700 995 1745 comes
1009 1680 1050 1745 de
1064 1701 1153 1766 rege,
1166 1683 1254 1767 quod
1270 1682 1434 1765 quondam
1449 1682 1515 1747 fuit
1530 1680 1687 1745 willelmi
1701 1681 1742 1743 de
1756 1677 1987 1831 Haeforqm

533 1898 719 1963 willelmus
733 1902 774 1965 de
790 1902 930 1987 Oolneye
945 1909 981 1968 et
995 1906 1171 1990 percensui
1188 1906 1239 1970 sni
1255 1910 1371 1969 tenent
1385 1907 1420 1969 in
1446 1904 1629 1974 Snounown
1653 1908 1690 1969 et
1717 1902 1897 1970 Luniensem
1920 1906 1988 1963 tres

489 1994 598 2069 partes
616 1985 643 2069 j.
659 1990 684 2054 f.
700 2008 745 2053 m.
773 1990 813 2053 de
834 1990 1063 2057 Bartholomeo
1088 1993 1128 2057 de
1151 1994 1374 2077 Antyngham,
1391 1994 1549 2057 etdiotus
1564 1990 1814 2057 Bartholomeus
1829 1989 1988 2054 danastro

489 2074 530 2137 de
545 2072 685 2154 Dovere,
703 2077 788 2158 quod
803 2078 968 2160 quondam
983 2079 1050 2144 fuit
1064 2080 1223 2145 willelmi
1238 2080 1279 2144 de
1295 2078 1490 2165 (lolneye-
1581 2119 1591 2131 -
1681 2118 1692 2131 ·
1782 2118 1793 2129 ·
1882 2094 1988 2142 xxx.e.

532 2210 697 2277 Johannes
710 2214 750 2278 ds
765 2214 848 2279 Gros
863 2222 956 2281 tenet
970 2218 1006 2280 in
1024 2218 1207 2286 Suoruown
1223 2223 1258 2282 et
1273 2218 1453 2287 Luuunesu
1469 2238 1572 2282 unum
1586 2216 1790 2300 quarterium
1805 2213 1830 2302 j.
1846 2213 1870 2279 f.
1886 2234 1931 2278 m.
1947 2212 1988 2276 de

491 2297 631 2450 igqboqqto
645 2301 685 2364 de
702 2301 856 2440 ltiorleqq
871 2309 905 2367 et
913 2304 1007 2442 ‘idem
1015 2305 1184 2443 ‘Robertus
1199 2306 1239 2443 de
1253 2325 1339 2443 rege,
1354 2306 1441 2444 quod
1466 2305 1633 2444 quondam
1654 2303 1735 2441 fuir·
1745 2299 1989 2453 memfflexfise.

535 2523 676 2588 Matillis
699 2525 839 2590 Baniard
866 2533 901 2591 et
926 2530 1107 2612 peruenerii
1129 2531 1183 2594 sui
1207 2535 1323 2595 tenent
1348 2531 1383 2594 in
1410 2530 1567 2597 Hsueors
1594 2528 1716 2595 Msorss
1741 2532 1776 2591 et
1790 2525 1990 2593 isernoros

490 2612 626 2674 terciam
651 2619 777 2696 perlem
795 2614 824 2696 j.
849 2615 872 2680 i.
899 2636 942 2680 m.
968 2616 1010 2681 de
1036 2618 1156 2682 comite
1181 2617 1381 2698 Warrennie,
1408 2622 1443 2681 et
1471 2618 1560 2682 idem
1587 2635 1694 2681 eomes
1723 2616 1764 2679 de
1793 2623 1879 2700 rege,
1904 2612 1991 2696 quod

489 2700 654 2782 'quondam
668 2698 736 2764 fuit
751 2700 887 2767 Roberli
901 2701 1043 2768 Bauiard
1059 2742 1678 2757 -------
1768 2700 1871 2788 xiijo.
1887 2696 1991 2787 iiij.d.

534 2832 696 2898 Dominus
725 2834 888 2901 lohannes
925 2837 1033 2925 Bygot
1062 2844 1155 2904 tenet
1184 2841 1219 2904 in
1250 2841 1426 2909 Conuenae
1454 2840 1500 2906 di.
1531 2840 1555 2905 f.
1586 2860 1631 2905 m.
1664 2838 1705 2903 de
1734 2837 1849 2903 abbate
1880 2838 1991 2902 Sancti

493 2916 662 3092 &qqqirq'ti
684 2921 725 3061 de
749 2922 883 3061 Hulmo,
896 2931 934 3062 et
959 2926 1067 3065 dietus
1092 2927 1256 3065 abbas-de
1286 2948 1374 3067 rege,
1401 2927 1488 3065 quod
1504 2927 1676 3065 'quondam
1703 2925 1770 3065 init
1795 2923 1993 3079 wdleqixqe

537 3143 783 3210 Bartholomeus
811 3148 851 3211 de
880 3147 1034 3234 Calthorp
1063 3154 1098 3215 et
1127 3151 1300 3229 hierius,
1325 3158 1431 3216 mater
1455 3170 1523 3229 sna,
1549 3153 1667 3214 tenent
1695 3150 1731 3215 in
1762 3148 1936 3221 Ganrnoae
1958 3153 1993 3213 et

494 3232 689 3299 wmrrnnn
705 3233 750 3298 di.
767 3233 790 3299 f.
807 3255 851 3299 m.
868 3235 909 3299 de
932 3238 1105 3302 heredibus
1130 3237 1267 3304 Roberti
1291 3239 1352 3302 filii
1377 3237 1510 3324 Rogeri,
1526 3242 1561 3302 et
1584 3237 1666 3301 dieti
1691 3237 1825 3303 heredes
1841 3237 1881 3300 de
1908 3256 1993 3321 rege,

494 3320 578 3400 quod
593 3320 756 3404 quondam
771 3322 836 3386 fuit
851 3322 968 3407 Rogeri
981 3324 1021 3387 de
1037 3323 1192 3408 Calthorp
1304 3364 1314 3375 -
1405 3366 1415 3377 -
1507 3364 1517 3375 -
1608 3365 1618 3376 -
1661 3336 1664 3343 '
1709 3364 1719 3376 -
1811 3362 1822 3375 ·
1911 3346 1993 3390 xx.s.

537 3450 683 3537 Rogerus
697 3453 738 3517 de
747 3454 929 3520 wolterton
943 3462 1036 3523 tenet
1051 3460 1084 3521 in
1101 3460 1214 3523 eadem
1233 3463 1295 3539 (ie.
1305 3459 1340 3522 in
1351 3460 1572 3538 Wouunuuors)
1588 3480 1689 3524 unum
1701 3460 1902 3543 quarterium
1914 3460 1936 3526 f.
1947 3481 1992 3526 m.

494 3539 675 3691 ‹tlgmqqtmite
690 3539 891 3681 warennie,
915 3551 948 3682 et
972 3566 1080 3683 comes
1104 3546 1145 3686 de
1171 3568 1258 3685 rege,
1274 3547 1361 3686 quqd
1387 3547 1539 3686 Rogerus.
1554 3548 1595 3611 de
1622 3547 1805 3686 welle-iton
1830 3547 1995 3701 quondxaqr

538 3760 712 3826 Edwardns
727 3763 893 3851 Gerbergh
909 3772 1002 3832 tenet
1016 3769 1051 3833 in
1066 3770 1277 3836 Eeeuuonsu
1293 3790 1396 3834 unum
1412 3771 1614 3855 quarterium
1624 3768 1653 3854 j.
1668 3769 1692 3838 f.
1708 3790 1752 3835 m.
1768 3769 1808 3833 de
1822 3767 1996 3835 heredibus

495 3845 849 4022 igqquqqqrgllliliiDogeD,
865 3860 900 3917 et
914 3855 995 3992 dieti
1009 3853 1147 3995 beredes
1156 3851 1201 3921 'de
1216 3858 1349 3996 domino
1363 3877 1447 3995 rege,
1462 3857 1550 3996 quod
1572 3857 1739 3997 quondam
1758 3855 1996 4012 fust.Wffleff

538 4070 755 4139 lohannesde
770 4075 870 4161 Golby
885 4081 1025 4144 tenetis
1040 4081 1221 4148 Iuewosun
1235 4082 1282 4148 di.
1299 4083 1323 4147 f.
1339 4103 1385 4148 m.
1401 4079 1442 4146 de
1457 4082 1590 4146 domina
1616 4082 1657 4146 de
1684 4081 1790 4161 Clare,
1819 4085 1854 4146 et
1879 4083 1994 4146 eadem

494 4159 535 4223 de
549 4179 635 4244 rege,
649 4162 736 4245 quod
750 4165 914 4247 quondam
928 4166 992 4231 fuit
1008 4167 1144 4232 Aveline
1159 4168 1199 4232 de
1213 4169 1341 4254 Reppes
1401 4208 1412 4222 -
1505 4209 1516 4222 ·
1607 4209 1618 4220 -
1684 4204 1720 4228 ι-
1811 4209 1823 4220 -
1911 4190 1996 4236 xx.s.

539 4296 679 4362 Jaoobus
692 4299 733 4363 de
749 4299 925 4366 Holveston
943 4309 1036 4370 tenet
1051 4306 1086 4368 in
1101 4306 1295 4373 Burcnrrrou
1309 4305 1334 4390 j.
1349 4308 1373 4372 f.
1389 4328 1434 4372 m.
1450 4305 1493 4371 de
1507 4307 1658 4391 episeopo
1672 4304 1831 4390 Norwyoi,
1847 4311 1882 4371 et
1904 4306 1994 4371 idem

496 4385 663 4469 episeopus
677 4387 718 4450 de
732 4406 817 4471 rege,
832 4390 918 4474 quod
931 4391 1095 4472 quondam
1111 4392 1175 4458 fuit
1189 4392 1351 4458 Johannis
1366 4393 1546 4480 Dengayne
1615 4431 1626 4444 ·
1717 4433 1728 4444 -
1818 4433 1828 4444 ·
1917 4393 1996 4462 xis.

541 4521 665 4586 Felicis
689 4524 731 4587 de
757 4523 906 4611 Skegton
932 4532 1024 4593 tenet
1050 4531 1086 4592 in
1111 4531 1224 4598 Βοιοιι
1245 4531 1292 4597 di.
1308 4531 1332 4597 f.
1349 4553 1393 4598 m.
1409 4531 1451 4596 de
1465 4529 1637 4596 heredibus
1652 4528 1778 4594 'l'home
1792 4529 1833 4594 de
1847 4528 1997 4609 Neriord,

498 4614 532 4672 et
547 4608 629 4672 dicti
643 4609 778 4675 heredes
793 4613 834 4678 de
850 4613 982 4679 domina
998 4616 1039 4682 de
1055 4617 1160 4697 Clare,
1176 4625 1211 4682 et
1233 4619 1323 4682 dicia
1349 4619 1482 4683 domina
1507 4614 1548 4682 de
1574 4638 1661 4702 rege,
1686 4615 1772 4704 quod
1798 4617 1931 4702 Augnes
1957 4618 1998 4682 de

499 4694 688 4760 Baldeswell
703 4703 737 4763 et
750 4699 936 4767 willelmus
950 4703 990 4769 de
1004 4702 1114 4789 'l’horp
1128 4706 1295 4790 qnondam
1310 4711 1491 4771 tenuerunt
1609 4745 1620 4756 -
1711 4743 1722 4756 ·
1812 4744 1823 4755 ·
1911 4725 1997 4772 xxa.

542 4841 707 4910 lohannes
732 4848 890 4935 Hauteyn
913 4857 1005 4919 tenet
1019 4856 1054 4920 in
1078 4855 1269 4936 Omnbus,
1299 4855 1473 4925 Sunuororr
1498 4875 1600 4920 unum
1627 4855 1830 4939 quarterium
1856 4853 1880 4922 l.
1895 4874 1940 4920 m.
1957 4855 1998 4918 de
2050 4933 2054 4940 ,

499 4932 620 4998 oomite
634 4933 834 5017 Hereiordie,
848 4944 885 5004 et
898 4960 1005 5006 eomes
1019 4941 1061 5007 de
1073 4964 1160 5030 rege,
1177 4944 1264 5028 qnod
1280 4945 1443 5030 quondam
1459 4943 1526 5008 fuit
1539 4941 1700 5006 willelmi
1714 4941 1870 5028 Hauteyn
1936 4962 1999 5008 ns.

544 5082 701 5150 Dominus
725 5087 958 5157 Constantinus
983 5093 1024 5158 de
1050 5094 1181 5159 Mortuo
1205 5095 1291 5158 Mari
1315 5098 1409 5159 tenet
1434 5093 1475 5157 sd
1491 5095 1671 5158 terminum
1686 5091 1754 5156 vite
1770 5092 1878 5156 uxoris
1892 5109 1948 5154 sne
1963 5091 2000 5153 in

500 5170 706 5240 anmousu
721 5175 899 5241 dimidium
915 5182 1119 5263 quarterium
1133 5181 1158 5250 f.
1175 5203 1220 5250 m.
1236 5184 1278 5246 de
1292 5182 1426 5246 domina
1451 5180 1491 5248 de
1516 5179 1621 5262 Clare,
1646 5184 1681 5244 et
1705 5178 1821 5243 endem
1846 5177 1886 5241 de
1911 5196 1999 5261 rege,

501 5258 587 5343 quod
602 5261 765 5346 quondam
779 5263 845 5329 fuit
859 5265 996 5332 Henrioi
1012 5267 1071 5334 (lat
1127 5303 1845 5323 ........
1934 5283 1998 5330 ue.

544 5412 688 5496 Angues,
714 5422 877 5503 quondam
901 5441 980 5485 uxor
1006 5422 1164 5488 willelmi
1178 5426 1220 5488 ds
1234 5423 1414 5502 Lonndres,
1430 5425 1525 5486 tenet
1547 5422 1581 5484 in
1609 5420 1800 5487 anuonisr
1824 5417 2000 5482 dimidium

501 5501 701 5585 quarterium
717 5505 741 5569 f.
757 5525 802 5571 m.
816 5506 858 5570 ds
873 5507 1039 5573 willelmo
1053 5510 1187 5591 Jordan,
1202 5515 1237 5576 et
1250 5512 1360 5576 dietus
1374 5509 1560 5578 willelmus
1575 5509 1617 5572 de
1631 5507 1763 5572 domina
1777 5505 1817 5570 de
1833 5504 1942 5583 Olore,
1967 5512 2002 5568 et

501 5585 611 5651 eadem
626 5587 666 5653 de
679 5610 766 5676 rege,
781 5593 867 5679 quod
881 5593 1040 5662 Bicherus
1055 5597 1097 5662 de
1113 5597 1281 5663 Lonndres
1296 5597 1459 5686 qnondam
1473 5596 1582 5662 tenuit
1632 5634 1643 5648 -
1733 5632 1744 5645 ·
1834 5631 1846 5645 ·
1934 5611 1999 5659 us.

546 5733 704 5801 Dominus
718 5741 887 5826 episeopus
901 5743 1042 5810 Norwioi
1055 5753 1149 5813 tenet
1163 5749 1199 5815 in
1213 5749 1331 5814 eadem
1346 5747 1424 5812 uilla
1438 5747 1479 5812 de
1494 5747 1678 5814 anronsrr
1693 5760 1796 5806 unum
1818 5739 2001 5805 manerium

502 5827 652 5922 §pectens
676 5824 717 5888 ad
740 5827 906 5892 baroniam
931 5852 1034 5912 susm,
1056 5855 1153 5920 quam
1179 5842 1272 5901 tenet
1297 5837 1337 5900 de
1363 5835 1495 5900 domino
1521 5854 1595 5919 rege
1610 5832 1664 5897 i.o.
1680 5833 1730 5894 ret
1744 5848 1801 5912 per
1816 5825 2003 5915 quotfeoda

502 5916 664 5992 ignorant,
679 5919 731 5976 set
744 5914 819 5979 inde
834 5919 1006 6000 respondet
1022 5922 1150 6007 integre
1163 5921 1198 5987 in
1212 5919 1382 5988 hundredo
1396 5921 1438 5986 de
1453 5920 1593 5985 Bloield.
