5000 7050
1142 1109 1225 1174 A.D.
1251 1112 1347 1174 1428.
1929 1111 1993 1176 379

542 1392 589 1456 De
616 1396 759 1460 subsidio
785 1396 1038 1461 inhabitancinm
1068 1405 1103 1462 eb
1131 1399 1297 1464 domicilia
1322 1402 1507 1463 ienencium
1535 1401 1572 1462 in
1601 1396 1752 1482 parochia
1782 1398 1822 1461 de
1853 1398 1993 1464 Hannas

771 1490 930 1547 &taxata
944 1486 1034 1548 ad''
1000 1488 1061 1571 mj.
1077 1507 1199 1549 marcas
1214 1508 1279 1549 non
1294 1488 1499 1570 respondent,
1515 1508 1552 1550 eo
1573 1487 1658 1570 quod
1680 1506 1744 1548 non
1768 1493 1845 1549 sunl
1870 1485 1993 1550 ibidem

499 1589 529 1631 ι.
545 1568 762 1635 inhabitantes
778 1572 943 1635 domicilia
963 1570 1128 1659 [tenentes
1146 1572 1196 1661 ut]
1218 1575 1334 1638 dicuni
1348 1595 1444 1658 super
1459 1581 1697 1638 sacramentum
1714 1594 1820 1638 suum.

499 1798 511 1854 t
543 1706 686 1857 Εῗοιθιιᾶι
698 1708 748 1860 ¹dle
772 1709 950 1776 scaenam
975 1712 1084 1777 Paava'
1098 1713 1304 1795 appropriata
1328 1713 1425 1795 priori
1446 1711 1556 1775 Sancti
1583 1710 1802 1774 Bartholomei
1826 1710 1994 1773 Londonie

514 1813 573 1856 axa
588 1814 661 1857 ura
748 1819 775 1862 a.

543 1931 689 1996 Ecclesia
702 1934 743 1996 de
759 1933 922 2039 Canem
936 1939 1067 1998 taxatur
1081 1936 1123 1999 ad
1138 1956 1164 1999 c.
1170 1958 1197 2000 s.

541 2044 683 2133 Ecileeia
708 2070 749 2134 de
777 2032 955 2139 Saoauacrr
978 2076 1109 2137 taxatur
1132 2072 1173 2135 ad
1189 2072 1254 2157 xxj.
1271 2093 1405 2137 marcas.
1451 2071 1641 2137 Subsidium
1661 2074 1807 2160 xxviijus
1825 2076 1910 2138 unde
1926 2098 1990 2141 x..a

500 2176 529 2219 v
538 2154 570 2219 cl
587 2177 646 2238 pro
661 2158 753 2221 bonis
768 2164 801 2222 et
816 2166 867 2222 cal
854 2159 941 2222 tallia
956 2160 1154 2223 diversorum
1172 2162 1421 2223 monetariorum
1436 2162 1522 2245 regis
1537 2162 1623 2223 infra
1647 2161 1775 2223 Turrim
1804 2162 1993 2245 predictam,

498 2263 633 2325 quorum
657 2246 911 2309 monetariorum
938 2248 1071 2310 nomina
1098 2268 1237 2309 unacum
1264 2248 1410 2326 summis,
1426 2248 1466 2310 ad
1482 2269 1566 2398 quast
1576 2248 1714 2330 quilibet
1728 2251 1926 2312 monetarius
1940 2270 1995 2333 per

500 2350 533 2393 se
549 2334 713 2411 taxatus·
704 2353 738 2395 rn
754 2334 894 2415 quadam
909 2334 1022 2397 cedula
1036 2334 1100 2398 hiis
1115 2334 1283 2417 particulis
1298 2355 1425 2398 annexa
1440 2341 1566 2418 separat
1569 2337 1614 2397 im
1630 2340 1840 2400 annotantur.

1137 2504 1360 2595 [Sousouara]

888 2646 1063 2710 Monetarii
1077 2648 1162 2749 regis
1177 2648 1261 2709 inira
1276 2648 1406 2709 Turrim
1421 2646 1600 2711 Londonie.

545 2775 734 2842 Snoanucrr.
780 2777 935 2842 Ricardns
951 2781 1054 2844 Harte
1069 2782 1110 2844 de
1126 2779 1293 2859 Shordich,
1309 2783 1425 2861 senior,
1442 2785 1572 2845 taxatur
1585 2782 1627 2845 ad
1640 2785 1730 2848 aad.

780 2916 944 2979 Johannee
959 2922 1029 2981 atie
1045 2918 1114 2980 Hill
1131 2917 1299 2982 decadem
1315 2923 1445 2981 taxatm
1459 2919 1499 2981 ad
1515 2920 1621 3004 xviri.

780 3053 964 3117 Willelmus
980 3054 1084 3139 Harry
1100 3056 1140 3118 de
1156 3054 1268 3118 eadem
1283 3060 1414 3118 taxatur
1429 3056 1470 3119 ad
1485 3056 1580 3141 xij.d.

779 3179 944 3246 Johannes
959 3183 1134 3268 Haveryng
1148 3184 1187 3247 de
1203 3185 1315 3248 eadem
1332 3190 1462 3249 taxatur
1477 3186 1516 3247 ad
1534 3184 1630 3270 xiid.

780 3316 957 3381 Nicholaus
973 3318 1087 3382 Clerke
1101 3320 1141 3382 de
1157 3321 1270 3383 eadem
1285 3327 1415 3385 taxatur
1428 3323 1468 3384 ad
1484 3320 1580 3407 xij.d.

781 3454 920 3519 Thomas
935 3455 1060 3542 Savage
1075 3456 1239 3521 decadem
1256 3464 1386 3521 taxatm
1401 3459 1443 3521 ad
1489 3509 1496 3523 .
1542 3508 1547 3527 .

780 3588 942 3653 lohannes
956 3591 1084 3676 Merget
1097 3589 1138 3654 de
1153 3592 1265 3656 eadem
1280 3597 1412 3657 tanaim
1457 3644 1465 3658 .
1513 3644 1520 3658 .

780 3726 1082 3814 JohannesAlayne
1098 3729 1266 3794 decadem
1282 3735 1411 3794 taxatur
1457 3780 1464 3795 .
1513 3779 1520 3794 .
1568 3780 1575 3794 .

780 3865 946 3933 Johannes
961 3866 1067 3930 Tollen
1081 3867 1122 3930 de
1136 3867 1247 3931 eadem
1296 3918 1303 3932 .
1351 3917 1359 3931 .
1406 3919 1413 3932 .
1460 3917 1467 3932 .

780 4002 961 4065 Willelmns
976 4001 1081 4065 Brolre
1096 4002 1137 4065 de
1152 4003 1264 4067 eadem
1310 4053 1317 4067 .
1364 4052 1371 4067 .
1419 4053 1427 4067 .
1475 4053 1482 4067 .

780 4138 944 4204 Jobannes
957 4144 1027 4203 atte
1042 4138 1201 4205 Chambre
1216 4143 1257 4204 de
1273 4141 1385 4205 cadem
1432 4191 1439 4206 .
1487 4191 1495 4206 .
1542 4191 1549 4206 .
1597 4192 1604 4205 .

783 4273 946 4341 Johannes
961 4276 1102 4340 Everard
1117 4277 1159 4340 de
1174 4278 1287 4342 eadem
1303 4282 1434 4343 taxatur
1448 4277 1488 4340 ad
1536 4328 1544 4341 .
1593 4327 1600 4340 .
1688 4256 1693 4264 ⁴

780 4383 935 4480 Ricardus
949 4416 1110 4480 Pecosone
1126 4417 1165 4480 de
1181 4417 1293 4480 eadem
1309 4422 1441 4481 taxatur
1453 4416 1495 4478 ad
1511 4415 1592 4499 vj.cl.

726 4603 732 4615 .
781 4551 937 4618 Ricardus
952 4553 1079 4616 Pordon
1096 4555 1134 4616 de
1150 4554 1265 4616 eadem
1279 4559 1411 4618 laxatur
1425 4555 1466 4617 ad
1482 4553 1581 4639 iiiia

779 4688 936 4751 Ricardus
951 4687 1055 4751 Herbe
1070 4688 1110 4752 de
1126 4689 1249 4766 eadem,
1260 4688 1384 4770 junior,
1399 4693 1530 4751 taxatur
1543 4689 1585 4750 ad
1600 4687 1671 4772 ij.a.

1107 4841 1243 4906 Summa
1258 4865 1322 4909 aa.
1341 4845 1410 4908 ad.

542 4974 710 5040 Probanda
721 4973 761 5036 de
774 4974 983 5040 Hsnrwnnn'
974 4993 1008 5034 rn
1025 4974 1137 5036 eadem
1154 4971 1366 5060 [Snoanucrr]
1381 4979 1511 5037 taxatur
1521 4973 1562 5036 ad
1575 4995 1624 5039 ιι.
1635 4992 1760 5035 marcas
1775 4971 1999 5054 provenientes

500 5061 822 5234 gengigrrregrifflostn
849 5059 1000 5147 parochia
1026 5060 1138 5123 Sancti
1165 5061 1277 5145 Egidii
1306 5061 1474 5125 Londonie
1504 5066 1596 5124 extra
1625 5058 1902 5143 Crepulgatem
1877 5055 2000 5135 (Niobil

543 5285 687 5349 Ecclesia
705 5285 822 5354 Sauum
838 5287 1014 5352 Pauoaacn
1030 5290 1120 5348 extra
1135 5283 1336 5347 Londoniam
1353 5290 1483 5347 taxatur
1498 5284 1584 5349 ad
1553 5283 1623 5368 xrij.
1640 5302 1773 5346 marcas.

544 5422 688 5486 Ecclesia
703 5421 742 5484 de
757 5421 913 5486 Dassrou
930 5416 1240 5504 taxalnrad''11ij.lc'.

543 5554 685 5617 Ecclesia
709 5553 835 5620 Sanora
858 5552 1064 5617 Maaoaannn
1085 5551 1171 5635 apud
1189 5551 1527 5618 Wnsrnouasraarun
1542 5571 1615 5614 cnm
1632 5550 1756 5634 capella
1770 5549 1811 5612 de
1827 5549 1997 5613 Panrurou

501 5641 825 5810 taxididlarriadlcjiisdem
839 5685 973 5789 iaxatdr
987 5723 1073 5786 ad
1043 5725 1087 5809 mj
1092 5771 1318 5789 .....

542 5863 687 5928 Ecclesia
725 5863 844 5932 Sauum
882 5862 1073 5928 Gnannums
1093 5861 1274 5925 -Dacoauss
1317 5856 1555 5948 [appropriata]
1598 5860 1697 5944 priori
1740 5856 1781 5919 de
1817 5851 2000 5936 Warrerrylr
