5000 7050
1104 1116 1186 1181 sl).
1212 1120 1308 1184 1431.
1896 1125 1960 1187 353

839 1304 847 1341 i

501 1396 668 1501 Jehannes
683 1400 833 1486 Ratheby
849 1405 890 1467 de
906 1403 1091 1469 Cevenhem
1107 1408 1142 1469 in
1158 1408 1318 1471 comitutu
1334 1409 1512 1487 Lincelnie,
1528 1410 1729 1492 gentylman,
1746 1410 1811 1472 fuit
1828 1411 1959 1473 seisitus

457 1488 519 1550 ete.
536 1505 571 1547 ιιι
588 1486 840 1569 eomnmeron,
859 1492 1082 1571 SounneersS,
1099 1503 1132 1556 et
1151 1495 1419 1561 Ceuvuessueuu
1435 1497 1474 1558 de
1489 1499 1584 1559 terris
1600 1503 1634 1559 et
1660 1498 1871 1575 tenementis,
1894 1518 1958 1579 que

458 1572 590 1636 fuerunt
613 1574 771 1639 Jehannis
795 1578 938 1656 Goderd,
964 1582 1092 1660 militis,
1107 1582 1146 1644 de
1173 1582 1382 1645 feeffemente
1398 1583 1544 1667 ejusdem
1560 1584 1719 1646 Jeirannis
1736 1585 1878 1661 Godard,
1894 1605 1957 1667 que

457 1680 520 1721 nen
536 1665 689 1725 tenentur
704 1684 760 1745 per
783 1668 955 1729 servicium
982 1669 1135 1746 militare,
1160 1674 1195 1731 et
1211 1670 1319 1732 valent
1346 1691 1404 1752 per
1430 1691 1552 1732 annum
1579 1672 1787 1734 inmunibus
1814 1672 1955 1734 exitibus

458 1748 545 1809 ultra
560 1751 694 1832 reprises
710 1772 770 1816 es.

503 1886 663 1950 Walterus
693 1889 843 1971 Tailboys
872 1889 911 1951 de
942 1889 1108 1953 Gelthavve
1137 1892 1172 1953 in
1203 1894 1361 1954 comitatu
1395 1893 1578 1972 Lincelnie,
1609 1895 1760 1975 armiger,
1790 1893 1956 1956 Jehennes

457 1972 608 2055 Teilboys
634 1976 673 2035 de
699 1974 940 2060 Steiyngburgh
967 1978 1000 2040 in
1025 1980 1186 2042 comitatu
1213 1981 1369 2062 predicte,
1394 1980 1546 2058 armiger,
1572 1981 1736 2043 Jehennes
1751 1983 1903 2063 Tournay
1917 1983 1958 2042 de

457 2060 587 2143 Ceneby
612 2064 643 2123 in
679 2064 770 2125 dicto
802 2065 971 2137 comitatu,
997 2068 1148 2148 armiger,
1172 2066 1336 2129 Johsnnes
1362 2067 1511 2150 Retheby
1534 2068 1574 2129 de
1599 2064 1783 2131 (mvenham
1809 2070 1843 2130 in
1867 2069 1956 2130 dicte

458 2148 629 2225 comitutu,
656 2151 858 2233 gentylrnnu‚
889 2157 923 2215 et
954 2152 1093 2215 Thomas
1121 2152 1262 2236 Spen'ser
1290 2155 1330 2216 de
1360 2152 1561 2218 Somereetes
1586 2157 1621 2217 in
1645 2156 1759 2218 eedem
1785 2157 1955 2232 comitatu,

458 2235 658 2317 geutylmsn,
674 2238 804 2301 fuerunt
820 2239 1019 2320 conjunctim
1035 2241 1137 2303 seisiti
1152 2248 1213 2305 ete.
1230 2242 1271 2304 de
1287 2242 1380 2304 terris
1397 2246 1430 2304 et
1445 2243 1644 2305 tenementis
1669 2245 1702 2303 in
1732 2245 1955 2318 Sensimus,

459 2321 659 2401 Ssususrsu
690 2332 724 2388 et
754 2327 881 2403 Leuru,
919 2348 982 2408 que
1019 2326 1150 2389 fuerunt
1182 2328 1338 2391 Wilielrni
1375 2329 1534 2406 Freunke,
1564 2330 1692 2405 militis,
1721 2331 1760 2392 de
1797 2330 1881 2390 dene
1923 2339 1956 2389 et

456 2407 665 2474 ieeffemeute
682 2413 827 2497 ejusdem
843 2412 1013 2490 Willelmi,
1027 2435 1090 2497 que
1105 2436 1168 2477 nen
1185 2420 1341 2478 tenentur
1357 2437 1414 2499 per
1430 2417 1598 2479 servicium
1624 2418 1779 2496 militare,
1797 2422 1832 2479 et
1847 2417 1955 2478 velent

458 2518 515 2579 per
530 2517 651 2560 annum
666 2499 700 2560 in
716 2501 866 2563 omnibus
882 2501 1024 2564 exitibus
1040 2502 1125 2565 ultra
1141 2504 1277 2585 reprises
1293 2525 1354 2567 es.

502 2634 685 2699 Wiilelmus
711 2636 795 2700 Reos
818 2638 858 2701 de
882 2638 1061 2722 Grymesby
1076 2640 1111 2701 in
1135 2640 1297 2702 comitatu
1324 2640 1503 2717 Lincelnie,
1525 2640 1725 2723 gentelmen,
1743 2640 1807 2701 fuit
1824 2640 1957 2701 seisitus

457 2726 520 2788 ete.
544 2723 585 2786 de
608 2724 702 2786 terris
728 2730 762 2787 et
785 2726 981 2789 tenementis
1007 2727 1043 2789 in
1068 2727 1215 2793 Wsureu
1238 2728 1333 2812 juxte
1355 2727 1483 2804 Leues,
1511 2747 1573 2808 que
1601 2732 1684 2790 terre
1708 2732 1740 2789 et
1767 2733 1956 2790 tenementa

458 2815 612 2873 tenentur
626 2830 683 2893 per
699 2812 869 2875 servicium
885 2813 949 2879 ιιιιθ
970 2815 1071 2897 pert-is
1086 2834 1141 2877 uu.
1157 2813 1180 2878 f.
1198 2835 1241 2876 m.

503 2947 663 3011 Henricus
678 2948 847 3025 venisent,
862 2969 963 3034 nuper
978 2950 1017 3013 de
1033 2948 1309 3042 Cekeryngtonjn
1324 2950 1483 3013 comitatu
1509 2949 1689 3028 Lincelnie,
1714 2952 1864 3033 armiger,
1891 2952 1957 3013 fuit

458 3035 587 3097 seisitus
611 3037 731 3101 stede
755 3038 850 3099 terris
873 3044 909 3100 et
933 3038 1130 3102 tenementis
1154 3039 1189 3100 in
1218 3038 1471 3116 Cesumruermv,
1488 3041 1523 3101 et
1538 3042 1694 3101 tenentur
1708 3058 1767 3121 per
1783 3040 1957 3102 servicium

340 3216 343 3219 Ι
458 3121 606 3191 ditm.
1076 3178 1081 3188 ,
1466 3163 1468 3167 -

416 3316 418 3321 .
503 3258 686 3324 Willelmus
702 3260 829 3325 Weleot
843 3262 884 3325 de
901 3260 1068 3346 Speldyng
1082 3262 1117 3323 in
1133 3263 1295 3325 comitatu
1310 3262 1493 3338 Lincelnie,
1514 3263 1710 3347 gentelmen,
1732 3267 1767 3324 et
1792 3260 1959 3324 Jehennes

459 3347 587 3411 Ybeseu
611 3347 653 3410 de
676 3347 817 3411 Kirkten
841 3350 878 3411 in
902 3349 1030 3413 Helend
1052 3350 1088 3411 in
1107 3351 1269 3413 comitatu
1290 3349 1446 3433 predicte,
1463 3348 1687 3431 freunkeleyn‚
1704 3347 1840 3411 fuerunt
1854 3350 1959 3412 seisiti

456 3442 520 3588 elge.
529 3436 684 3587 fdemterris
699 3441 735 3499 et
749 3436 944 3499 tenementis
959 3438 993 3499 in
1012 3436 1229 3514 Tsruuwuun,
1244 3457 1306 3520 que
1333 3440 1488 3500 tenentur
1513 3456 1570 3519 per
1596 3436 1767 3499 servicium
1791 3435 1841 3522 iij.
1857 3437 1959 3519 partis

501 3661 664 3726 Patricius
680 3658 859 3744 Skypwyth
875 3661 915 3724 de
932 3661 1070 3744 Utterby
1085 3662 1120 3723 in
1136 3662 1297 3723 comitatu
1311 3661 1474 3744 predicte,
1488 3659 1641 3742 armiger,
1657 3658 1722 3721 init
1737 3660 1867 3721 seisitus
1894 3665 1956 3723 etc.

456 3751 497 3814 de
513 3751 608 3813 terris
623 3753 656 3812 et
672 3750 869 3811 tenementis
885 3749 919 3810 in
935 3749 1133 3826 eruesun,
1151 3770 1212 3833 que
1230 3753 1384 3811 tenentur
1398 3768 1454 3831 per
1470 3747 1640 3809 servicium
1658 3747 1702 3810 di.
1720 3746 1743 3811 f.
1760 3768 1804 3810 m.

499 3886 520 3950 J
522 3885 663 3950 ohannes
678 3885 823 3968 Iverdby
838 3885 878 3948 de
894 3886 1028 3948 lenden
1043 3886 1078 3948 in
1095 3885 1255 3947 comitatu
1271 3884 1522 3966 Myddlessexie‚
1534 3883 1733 3967 gentelmen,
1745 3881 1810 3944 fuit
1825 3884 1957 3945 seisitus

456 3975 695 4126 {gvssiuffiriins
720 3974 971 4121 {butenementis
998 3974 1032 4034 in
1057 3973 1331 4037 Bsnmrvenunen
1355 3977 1390 4034 et
1415 3972 1604 4051 Ksnsrsun,
1631 3991 1695 4053 que
1720 3975 1877 4033 tenentur
1901 3991 1958 4052 per

499 4199 660 4263 Rebertus
687 4197 896 4281 Umfrayvyle
911 4197 951 4260 de
966 4196 1053 4279 Kym
1069 4197 1102 4258 in
1123 4197 1282 4258 comitatu
1306 4196 1460 4278 predicte,
1476 4196 1580 4271 miles,
1594 4195 1659 4257 fuit
1682 4195 1815 4257 seisitus
1837 4194 1958 4258 stede
2080 4186 2087 4197 ’

459 4289 553 4353 terris
568 4293 602 4350 et
618 4286 815 4349 tenementis
831 4287 865 4347 in
885 4284 996 4350 Seuru
1012 4283 1225 4362 Euuvrvcveu,
1241 4304 1305 4366 que
1322 4287 1477 4345 tenentur
1491 4303 1549 4366 per
1562 4282 1610 4367 iij.
1627 4288 1752 4366 partem
1768 4303 1824 4345 un.
1841 4280 1865 4345 f.
1881 4303 1926 4346 m.

502 4425 660 4488 Rebertus
675 4421 780 4486 Elend
796 4422 838 4485 de
853 4420 1002 4504 Retheby
1017 4422 1051 4483 in
1068 4421 1227 4484 comitatu
1245 4420 1424 4497 Lincelnie,
1439 4419 1592 4501 armiger,
1607 4420 1673 4481 fuit
1688 4420 1817 4482 seisitus
1838 4425 1901 4482 etc.
1918 4418 1957 4479 de

458 4514 562 4686 {istriis
577 4517 621 4662 gt]
637 4511 833 4661 tengmentis
857 4512 891 4572 iu
916 4509 1074 4574 Rersssv
1098 4516 1132 4572 et
1154 4508 1371 4586 Hsuvuereu,
1388 4528 1451 4589 que
1467 4511 1622 4570 tenentur
1638 4527 1693 4590 per
1709 4508 1881 4570 servicium
1896 4505 1957 4590 iiij.

502 4736 658 4800 Ricardus
673 4734 908 4817 ChemberIeyn
922 4733 963 4796 de
980 4733 1099 4796 Resten
1127 4733 1191 4794 fuit
1215 4733 1348 4795 seisitus
1372 4735 1434 4795 etc.
1460 4731 1500 4793 de
1524 4731 1618 4794 terris
1643 4735 1679 4795 et
1703 4733 1901 4794 tenementis
1925 4733 1961 4794 in

459 4827 602 4904 Rusrerv,
620 4843 683 4907 que
697 4827 850 4886 tenentur
864 4843 920 4905 per
936 4822 1107 4884 servicium
1123 4819 1184 4905 iiij.
1201 4820 1305 4903 pertis
1320 4840 1375 4884 un.
1392 4820 1415 4884 f.
1432 4838 1477 4884 m.

502 4963 659 5025 Dominus
684 4960 751 5023 dux
776 4958 948 5023 Bedierdie
972 4958 1037 5022 fuir
1061 4958 1189 5020 seisitus
1212 4961 1275 5021 ete.
1291 4957 1332 5020 de
1359 4956 1454 5020 terris
1470 4959 1504 5017 et
1519 4955 1713 5017 tenementis
1730 4957 1764 5017 in
1781 4957 1960 5033 Buuvvuun,

456 5051 613 5152 Murreu,
631 5054 667 5199 e}
679 5047 903 5198 Vlinsnusserur,
918 5066 981 5128 que
998 5051 1150 5108 tenentur
1165 5065 1223 5127 per
1239 5045 1412 5108 servicium
1428 5043 1478 5129 iij.
1497 5043 1610 5126 partis,
1625 5063 1655 5107 v.
1672 5044 1787 5125 pertis,
1804 5049 1840 5106 et
1854 5044 1958 5130 xlviij.

461 5144 632 5223 perusus.
667 5186 675 5201 .
729 5185 737 5202 .

501 5276 594 5338 Eudo
619 5274 660 5337 de
686 5269 888 5354 Skuphelme
913 5270 948 5330 in
975 5269 1133 5332 comitutu
1159 5268 1338 5346 Lincelnie,
1366 5267 1565 5352 gentelmsn,
1580 5265 1645 5328 fuit
1672 5266 1803 5329 seisitus
1829 5271 1893 5330 ete.
1920 5267 1960 5330 de

458 5365 552 5428 terris
567 5369 601 5426 et
616 5359 813 5424 tenementis
827 5358 862 5419 in
881 5355 1104 5434 Seunneerss‚
1120 5355 1258 5433 Munus,
1283 5362 1319 5418 et
1344 5354 1597 5431 Cesenmereu,
1623 5373 1687 5437 que
1714 5373 1778 5415 nen
1807 5357 1960 5416 tenentur

457 5471 513 5536 per
539 5449 712 5514 servicium
737 5446 890 5524 militare,
906 5448 939 5508 et
956 5443 1066 5506 valent
1090 5463 1147 5527 per
1173 5463 1296 5505 annum
1320 5443 1352 5504 iu
1378 5442 1527 5504 omnibus
1550 5441 1693 5504 exitibus
1716 5440 1803 5504 ultre
1817 5441 1959 5524 reprises

461 5539 533 5604 mli.

502 5649 666 5713 Jehannes
682 5645 829 5728 Hakytte
844 5645 878 5707 in
895 5644 1055 5706 comitatu
1069 5641 1227 5726 predicte,
1241 5640 1387 5721 clericus,
1414 5641 1479 5703 fuit
1505 5641 1636 5703 seisitus
1662 5642 1725 5702 ete.
1740 5639 1781 5701 de
1806 5639 1903 5701 terris
1926 5644 1961 5701 et

460 5736 657 5802 tenementis
680 5736 713 5796 ie
740 5733 954 5800 Seuseeerus
969 5736 1001 5793 et
1021 5731 1240 5806 Ssursnnrsv,
1258 5749 1320 5811 que
1335 5728 1469 5792 suerunt
1483 5726 1642 5791 Jehennis
1657 5725 1733 5803 Gre,
1748 5726 1880 5804 militis,
1897 5747 1959 5807 que

459 5845 523 5888 nen
547 5827 701 5888 tenentur
725 5841 780 5903 per
806 5819 976 5884 servicium
1000 5819 1153 5898 militere,
1168 5823 1202 5880 et
1216 5816 1328 5880 velent
1353 5837 1411 5899 per
1435 5835 1558 5879 annum
1585 5816 1622 5877 iu
1644 5814 1793 5879 omnibus
1818 5812 1961 5876 exitibus

463 5912 549 5975 eitra
563 5911 699 5993 reprises
714 5927 776 5972 c.s.

508 6049 548 6111 In
565 6045 658 6130 cujus
673 6045 718 6107 rei
733 6041 958 6108 testimenium
974 6045 1036 6108 etc.

528 6180 607 6232 19462
