5000 7050
1137 1091 1217 1158 AJ).
1241 1092 1337 1158 1428.

528 1372 638 1436 Porcio
651 1374 768 1457 prioris
782 1375 822 1439 ds
839 1375 931 1439 Ware
945 1378 982 1439 iu
997 1378 1111 1441 eadem
1127 1381 1259 1442 taxatur
1273 1377 1313 1441 ad
1330 1398 1361 1442 v.
1374 1400 1472 1443 mrcrc.
1521 1376 1649 1456 (Nihil.)

527 1509 671 1574 Ecclesia
684 1512 725 1575 de
737 1512 966 1580 Wruuuouau
982 1519 1113 1579 taxatur
1126 1515 1167 1579 ad
1183 1513 1248 1601 xvj.
1261 1538 1358 1581 arare.
1404 1514 1604 1593 Subsidium,
1622 1516 1721 1601 xxj.s.
1738 1512 1842 1601 iiijc.

523 1647 670 1723 ,Ecclesia
683 1648 723 1713 de
738 1650 970 1719 Tuoaosnuua
984 1658 1116 1717 taxatur
1129 1655 1170 1718 ad
1186 1675 1278 1719 xxxv.
1292 1676 1389 1719 sucre.
1437 1652 1634 1733 Subsidium,
1649 1654 1728 1740 xlvj.
1737 1680 1763 1720 s.
1780 1654 1848 1740 viij.
1857 1652 1890 1719 d.

530 1786 675 1852 Ecclesia
689 1789 729 1853 ds
743 1791 903 1858 Gouraax
918 1796 1050 1857 taxatur
1063 1793 1105 1856 ad
1120 1792 1210 1881 xviij.
1223 1815 1322 1858 rnarc.
1369 1792 1571 1871 Subsidium,
1587 1792 1722 1880 xxiiij.s.

529 1924 672 1990 Ecclesia
687 1926 728 1991 dc
742 1928 942 1996 Aanuuuax
958 1934 1091 1995 taxatur
1104 1930 1145 1994 ad
1160 1930 1272 2017 xxviij.
1285 1954 1382 1995 orare.
1429 1928 1628 2010 Subsidium,
1645 1931 1763 2025 xxxviij
1768 1956 1809 1997 .s.

529 2065 647 2131 Pensio
661 2068 778 2152 prioris
793 2071 833 2134 de
848 2072 961 2135 Lauda
976 2074 1010 2135 in
1027 2073 1140 2136 eadem
1155 2076 1287 2135 taxatur
1302 2072 1341 2134 sd
1359 2093 1443 2136 xxa.
1492 2069 1620 2150 (Nihil.)

530 2205 675 2271 Ecclesia
691 2208 731 2272 de
748 2210 960 2277 errxuroan
974 2216 1107 2276 taxatur
1120 2212 1161 2274 ad
1176 2210 1260 2276 xxix.
1275 2233 1370 2275 orare.
1417 2210 1615 2286 Subsidium,
1631 2209 1749 2295 xxxviij
1755 2234 1796 2275 .s.
1812 2205 1923 2295 viijd.

532 2344 647 2408 Pensio
660 2348 776 2429 prioris
790 2347 831 2410 de
846 2348 1015 2433 Tutesbyr’
1029 2350 1064 2411 in
1079 2348 1192 2413 eadem
1207 2352 1339 2411 taxatur
1352 2347 1394 2410 ad
1409 2346 1457 2433 iij.
1472 2370 1568 2413 marc.
1617 2346 1743 2426 (Nihil.)

532 2482 645 2547 Porcio
659 2505 756 2567 quam
770 2486 859 2549 idem
874 2487 961 2570 prior
976 2487 1114 2570 percipit
1128 2488 1162 2549 in
1178 2485 1292 2549 eadem
1308 2490 1439 2549 taxatur
1454 2485 1495 2548 ad
1511 2507 1616 2550 xxxa.
1666 2482 1794 2564 (Nihil.)

533 2620 676 2686 Ecclesia
690 2622 731 2687 de
746 2624 888 2690 Maurou
905 2645 980 2688 oum
994 2626 1114 2688 vicaria
1129 2623 1277 2711 ejusdem
1291 2628 1422 2688 taxatur
1435 2623 1477 2689 ad
1493 2624 1582 2688 cxli.
1629 2621 1829 2701 Subsidium,
1847 2622 1933 2708 xj.li.

531 2758 646 2823 Porcio
660 2761 775 2844 prioris
789 2762 830 2826 de
844 2761 998 2846 Kyrlseby
1013 2762 1246 2825 Monachorum
1263 2763 1297 2824 in
1313 2762 1426 2825 eadem
1442 2766 1574 2823 taxatur
1588 2759 1629 2823 ad
1645 2780 1675 2823 v.
1689 2752 1786 2824 maru.
1823 2760 1936 2839 (Nihil.

531 2898 646 2960 Porcio
660 2899 774 2982 prioris
789 2890 902 2963 Sancti
918 2900 1077 2964 Leonardi
1091 2899 1226 2963 Eboraci
1240 2901 1277 2963 in
1291 2899 1404 2963 eadem
1418 2903 1550 2963 taxatur
1564 2898 1605 2961 ad
1622 2897 1699 2963 xlc.
1796 2894 1801 2909 “

532 3036 647 3100 Porcio
662 3037 795 3101 rectoris
809 3039 849 3102 de
865 3036 1040 3121 Barugdon
1056 3058 1153 3123 qnam
1169 3039 1310 3123 percipit
1323 3038 1358 3102 in
1375 3037 1490 3101 eadem
1506 3042 1637 3100 texatur
1651 3034 1692 3098 ad
1708 3056 1813 3101 xxxa.

532 3174 677 3239 Ecclesia
691 3177 731 3239 de
747 3177 856 3243 Pravx
870 3178 985 3243 Danau
999 3182 1130 3241 laxatur
1144 3178 1185 3241 ad
1200 3177 1264 3242 xix.
1278 3200 1376 3243 marc.
1422 3175 1624 3253 Subsidium,
1642 3196 1747 3241 xxva.
1764 3174 1824 3260 iiij.
1834 3170 1866 3238 d.

530 3313 646 3377 Pensio
660 3314 811 3397 priorisse
826 3316 866 3379 de
882 3315 1045 3399 Langeley
1059 3316 1096 3379 in
1110 3315 1223 3379 eadam
1237 3318 1370 3380 taxatur
1384 3314 1425 3378 ad
1439 3313 1519 3378 xla.
1556 3312 1682 3391 (Nihil.)

532 3451 675 3515 Ecclesia
689 3452 728 3516 de
745 3452 861 3519 Kxanx
875 3454 1010 3519 Batnae
1025 3459 1156 3517 taxatur
1170 3455 1212 3518 sd
1227 3475 1298 3519 xxx.
1312 3476 1409 3518 marc.
1456 3450 1656 3530 Subsidium,
1671 3451 1749 3515 xl.s.

530 3591 674 3656 Ecclesia
688 3591 728 3656 de
743 3594 898 3659 Oraarou
913 3599 1046 3658 taxatur
1060 3594 1101 3657 ad
1117 3615 1189 3660 xxv.
1203 3618 1300 3660 marc.
1347 3592 1548 3670 Subsidium,
1564 3590 1708 3675 xxxiiia.
1726 3589 1773 3675 iiij
1779 3588 1828 3654 xl.

530 3729 677 3831 Ecclesia
690 3728 731 3794 de
749 3730 906 3798 Souaaax
919 3751 996 3794 cum
1011 3732 1131 3794 vicaria
1146 3730 1292 3816 ejusdem
1309 3733 1438 3794 laxatur
1452 3729 1494 3793 ad
1509 3750 1581 3795 xxv.
1597 3751 1692 3793 marc.
1710 3729 1754 3792 di.
1789 3723 1989 3803 Subsidium,

486 3838 647 3902 xxxurjs.

531 3952 675 4016 Ecclesia
689 3953 730 4017 de
744 3953 965 4020 waaanasr
979 3957 1111 4018 taxatur
1124 3952 1166 4015 ad
1180 3952 1223 4018 ix.
1236 3975 1335 4018 marc.
1382 3949 1589 4044 Subsidium,
1604 3949 1683 4035 rja.
1701 3945 1811 4035 viij.d.

531 4090 676 4156 Ecclesia
689 4093 730 4156 de
745 4093 917 4159 ernxox
930 4113 996 4156 non
1011 4096 1154 4157 taxatur.
1200 4091 1404 4170 Subsidium,
1419 4089 1499 4177 vj.s.
1517 4088 1585 4172 viij.
1594 4087 1628 4152 cl.

912 4231 1046 4296 Summa
1062 4232 1199 4297 subsidii
1211 4232 1353 4297 :-lx.lc'.
1371 4229 1475 4314 xiiis.
1493 4227 1535 4292 ix.
1545 4224 1578 4291 cl.

531 4443 755 4508 Exonerantur
781 4465 875 4528 super
900 4451 1088 4530 compotum
1111 4446 1152 4509 de
1176 4445 1262 4530 ijs.
1288 4467 1352 4509 x.s.
1382 4439 1452 4508 xci.
1470 4439 1517 4505 ob.
1545 4441 1587 4504 de
1611 4438 1756 4503 subsidio
1780 4438 1991 4522 contingente

483 4531 629 4595 diversas
664 4534 831 4616 porciones
869 4535 1081 4616 supradictas,
1116 4554 1198 4616 quas
1234 4533 1355 4596 diversi
1386 4531 1447 4593 viri
1484 4527 1627 4612 religiosi
1665 4533 1698 4589 et
1728 4526 1788 4588 alii
1825 4525 1993 4589 annuatim

484 4619 672 4702 percipiunt
699 4620 740 4683 de
764 4621 900 4683 diversis
925 4621 1070 4685 ecclesiis
1093 4619 1287 4704 supradictis
1316 4619 1405 4682 inira
1428 4617 1622 4680 comitatum
1645 4614 1840 4697 predictum,
1866 4633 1929 4694 que
1953 4611 1994 4674 ad

487 4707 553 4770 lxv.
561 4708 596 4772 li.
628 4705 732 4792 viijs.
764 4706 873 4793 viijd.
905 4728 965 4790 per
993 4728 1116 4772 annum
1145 4709 1232 4771 inter
1255 4728 1287 4770 se
1318 4706 1360 4769 ab
1389 4704 1526 4786 antiquo
1551 4701 1754 4778 taxabantur,
1781 4700 1927 4764 videlicet
1954 4700 1994 4763 de

487 4793 690 4876 quibuslibet
705 4816 736 4859 x.
752 4799 869 4858 marcis
884 4816 941 4879 per
956 4815 1078 4858 anuum
1094 4794 1197 4879 xiiju.
1213 4794 1276 4881 iiij
1289 4791 1323 4858 d.
1339 4793 1435 4856 etsie
1460 4789 1746 4874 proposcionaliter
1768 4787 1862 4872 juxta
1888 4791 1994 4851 ratam

487 4887 565 4944 taxe
580 4880 759 4965 cujuslibet
774 4883 850 4945 talis
865 4883 1032 4965 pensionis
1048 4885 1136 4966 prius
1150 4881 1237 4945 facte
1254 4902 1310 4964 per
1326 4881 1422 4946 breve
1438 4879 1630 4962 predictum.

811 5017 948 5083 Summa
963 5021 1098 5085 subsidii
1113 5020 1301 5105 porciouum
1312 5017 1453 5103 :-vj.lr'.
1470 5037 1534 5080 xa.
1552 5012 1624 5080 xd.
1641 5011 1690 5078 ob.

537 5205 583 5269 Et
606 5211 782 5270 onerantur
806 5228 902 5291 super
926 5214 1114 5292 compotum
1139 5210 1179 5273 de
1205 5208 1292 5273 ixii.
1317 5205 1419 5289 vilja.
1447 5203 1526 5290 ij.cl.
1556 5202 1594 5264 de
1616 5200 1760 5264 subsidio
1783 5201 1997 5284 contingente

493 5293 634 5357 diversas
663 5296 834 5378 pensiones
871 5287 1085 5378 supiadicras,
1113 5317 1193 5380 quaa
1229 5295 1348 5359 diversi
1385 5295 1447 5356 viri
1483 5290 1626 5372 religiosi
1662 5293 1695 5352 et
1730 5288 1790 5351 alii
1827 5289 1998 5350 aunuatim

492 5381 679 5464 percipiunt
703 5381 744 5445 de
768 5381 903 5446 diversis
928 5383 1071 5449 ecclesiis
1094 5382 1290 5468 supradictis
1315 5382 1400 5445 iufra
1424 5380 1618 5442 comitatum
1642 5376 1837 5459 predictum,
1863 5395 1924 5459 que
1953 5380 1994 5436 ad

493 5466 577 5550 iiij¹¹
594 5468 716 5551 xiiijlr.
741 5469 870 5554 xviiju.
887 5479 922 5555 φ
937 5491 995 5554 per
1018 5491 1141 5535 anuum
1163 5473 1249 5534 inter
1274 5491 1307 5533 se
1331 5470 1371 5532 ab
1397 5468 1534 5549 antiquo
1558 5463 1762 5540 taxabantur,
1787 5463 1939 5526 videlicet
1955 5462 1994 5525 de

493 5554 695 5639 quibuslibet
708 5579 739 5622 x.
756 5559 872 5620 marcis
884 5580 944 5642 per
957 5579 1091 5637 annum,
1108 5557 1210 5640 xiij.e.
1228 5554 1331 5640 iiijd.
1347 5560 1381 5620 et
1398 5555 1445 5619 sic
1460 5551 1749 5638 proposcionaliter
1768 5549 1865 5632 juxta
1893 5557 1997 5613 ratam

493 5647 568 5706 taxe
581 5643 757 5728 cujuslibet
772 5645 849 5709 talis
863 5647 1030 5729 pensionis
1044 5648 1132 5731 prius
1147 5647 1234 5709 facte
1249 5665 1307 5728 per
1323 5644 1420 5706 breve
1436 5641 1630 5725 predictum.

815 5782 951 5847 Summa
966 5784 1100 5848 subsidii
1115 5784 1308 5880 pensionum
1320 5779 1459 5845 r-ix.li.
1476 5777 1580 5862 viij.s.
1596 5773 1673 5859 ijd.

535 5941 667 6011 Summa
682 5947 796 6013 totalis
809 5953 942 6032 recepte
955 5919 1092 6012 subsidii
1106 5947 1331 6032 parochiarum
1348 5965 1423 6009 cum
1437 5963 1532 6008 onere
1544 5885 1754 6022 r-cccvij.li.
1771 5935 1873 6022 xiij.s.
1891 5937 1974 6020 xj.d.
