5000 7050
1096 1117 1104 1134 .
1166 1065 1372 1135 LINCOLN.

1017 1320 1269 1424 nonnam
1291 1369 1337 1419 ns
1359 1349 1518 1420 nassa.

558 1503 735 1587 Inquisioio
758 1508 855 1588 oapta
877 1501 965 1588 apud
991 1503 1166 1567 Staunford
1192 1502 1246 1566 die
1271 1501 1426 1565 Mercurii
1448 1500 1595 1585 proximo
1617 1501 1690 1582 post
1718 1496 1840 1560 festum
1867 1492 2017 1577 Corporis

514 1589 633 1654 Christi
658 1610 744 1654 anuo
768 1592 862 1676 regni
888 1591 973 1676 regis
998 1591 1137 1654 chrici
1160 1592 1268 1674 quarti
1294 1591 1394 1653 tercio
1421 1593 1489 1668 (ete.
1505 1611 1541 1653 os
1558 1588 1685 1670 before),
1699 1605 1755 1668 per
1779 1587 2016 1646 sacramentum

513 1678 673 1742 Johannis
698 1676 864 1762 Apethorp
889 1678 931 1741 de
958 1677 1144 1754 stamford,
1168 1678 1327 1743 Johannis
1352 1676 1483 1754 Bclton,
1511 1672 1677 1757 Radulphi
1708 1672 1829 1752 Bonde,
1856 1668 2017 1732 Willclmi

515 1765 664 1844 Lincoln,
690 1764 851 1828 Johannis
881 1766 1016 1850 Squyer,
1041 1765 1173 1829 Roberti
1204 1765 1400 1843 Kirmound,
1427 1762 1566 1828 Gilberti
1598 1762 1706 1839 Howe,
1729 1758 1886 1824 Johannis
1912 1756 2017 1834 Mese,

513 1851 673 1916 Johannis
689 1851 803 1929 Barde‚
817 1853 969 1917 Nicholai
985 1852 1144 1937 Hyksam,
1158 1850 1319 1916 Johannis
1337 1853 1473 1930 Burton,
1486 1857 1522 1915 et
1536 1847 1695 1914 Johannis
1718 1854 1790 1911 atte
1813 1846 1934 1926 Crosse,
1960 1844 2019 1927 qui

515 1940 632 2004 dicunt
646 1961 743 2024 super
757 1954 996 2006 sacramentum
1011 1961 1107 2004 snum
1121 1941 1209 2024 quod
1221 1965 1275 2007 :-

559 2177 722 2256 Johanna‚
747 2179 916 2242 comitissa
941 2177 1079 2260 Kancie,
1101 2183 1192 2243 tenet
1213 2178 1241 2262 j.
1259 2179 1282 2244 l.
1298 2199 1342 2244 m.
1368 2178 1404 2240 in
1431 2177 1580 2256 Danaus,
1604 2176 1760 2252 Bnansu,
1786 2177 1821 2236 ct
1847 2171 1962 2240 snowa
1977 2167 2018 2231 de

516 2268 646 2330 domino
661 2288 739 2348 rege
753 2269 823 2330 sine
839 2267 959 2332 medio.

561 2404 744 2467 Willelmus
771 2403 854 2466 Boos
880 2405 921 2467 de
946 2403 1107 2467 Hamelalc
1131 2408 1221 2466 tenet
1237 2404 1418 2466 manerium
1435 2403 1474 2466 de
1491 2402 1702 2479 Cumanos,
1720 2395 2020 2480 compertinentiis

516 2493 552 2553 in
568 2492 774 2569 Taamorou,
791 2491 976 2570 Csssnwun,
992 2497 1026 2555 et
1042 2492 1181 2557 Damno
1197 2492 1236 2554 de
1257 2511 1333 2574 rege
1356 2492 1424 2554 sine
1451 2491 1569 2569 medio,
1594 2501 1633 2551 ut
1655 2487 1828 2572 parcellam
1856 2485 1953 2548 castri
1980 2482 2021 2544 dc

517 2579 634 2643 Belver
649 2599 705 2662 per
719 2579 898 2644 baroniam.

562 2716 636 2778 Dux
653 2717 837 2780 lancastrie
852 2721 942 2781 tenet
957 2721 1045 2780 certa
1061 2720 1161 2778 terras
1174 2720 1209 2778 et
1219 2721 1407 2778 tenementa
1418 2717 1452 2776 in
1463 2714 1708 2781 Wrnunsunoar
1717 2711 1815 2795 juxta
1827 2711 2019 2787 Gansroan,

517 2809 552 2867 et
566 2805 599 2867 in
616 2804 753 2870 Bonnau
765 2805 862 2888 juxta
876 2805 1045 2879 Nauarum,
1059 2810 1093 2866 et
1109 2804 1143 2865 in
1159 2803 1374 2868 Wsnruonou
1389 2803 1429 2865 de
1452 2822 1526 2886 rega
1541 2802 1610 2864 sine
1628 2800 1750 2878 medio,
1773 2819 1835 2881 que
1858 2796 2022 2881 quondam

518 2893 648 2955 fuerunt
663 2894 793 2955 comitis
808 2891 942 2971 Castris,
956 2890 1161 2974 quiquidem
1177 2891 1314 2953 ducatus
1329 2898 1378 2952 est
1393 2891 1428 2953 in
1444 2909 1543 2953 manu
1557 2890 1652 2973 regis.

563 3022 669 3086 Abbas
694 3022 736 3085 de
763 3022 874 3106 Burgh
897 3027 989 3085 tenet
1008 3021 1037 3105 j.
1052 3022 1076 3087 f.
1093 3041 1138 3085 m.
1154 3021 1190 3083 in
1214 3020 1398 3087 Tnuannnu
1422 3026 1454 3084 et
1470 3020 1515 3086 di.
1532 3020 1556 3084 f.
1572 3039 1617 3084 m.
1632 3020 1667 3081 in
1682 3018 1822 3084 Danaus
1835 3015 1875 3079 de
1890 3015 2023 3079 domiuo

519 3129 595 3193 rege
610 3110 680 3172 sine
696 3109 804 3172 medio
819 3112 853 3171 in
868 3130 983 3193 puram
998 3115 1033 3173 et
1047 3114 1238 3192 perpetuam
1253 3109 1474 3173 elemosinam.

563 3246 767 3322 Edmnndus‚
781 3247 847 3308 dux
862 3247 1009 3325 Eboraci,
1025 3250 1116 3310 tenet
1131 3244 1226 3308 villas
1240 3245 1281 3308 de
1299 3245 1495 3314 Srsuuaoan
1518 3249 1552 3308 et
1576 3244 1762 3311 Garunnam
1786 3244 1826 3306 de
1849 3262 1926 3327 rege
1952 3241 2023 3303 sine

520 3334 640 3410 medio,
653 3353 710 3416 per
725 3353 788 3417 que
804 3336 939 3398 servicia
953 3336 1115 3420 ignorant.

564 3462 677 3567 Comes
704 3460 875 3613 Staitiordie
899 3467 995 3528 tenet
1016 3465 1052 3528 in
1076 3466 1375 3549 Banssmoauaon,
1392 3468 1594 3535 Clauserat
1610 3466 1791 3534 Tnunnnar
1807 3484 1864 3531 un.
1880 3463 1904 3531 f.
1920 3485 1965 3530 m.
1981 3463 2023 3527 de

520 3573 596 3637 reg&
612 3572 682 3615 Sine
697 3571 748 3613 me
771 3572 814 3616 10.

565 3687 671 3751 Abbas
686 3687 727 3751 ds
742 3685 901 3771 Croyland
916 3692 1007 3751 tenet
1021 3688 1056 3750 in
1072 3688 1247 3756 Lauororr
1262 3688 1298 3774 ij.
1315 3688 1338 3753 f.
1355 3710 1399 3754 m.
1416 3689 1548 3773 deroga
1564 3690 1632 3751 sine
1658 3688 1766 3751 medio
1790 3688 1825 3751 in
1848 3708 1962 3771 puram
1989 3692 2025 3749 et

520 3782 713 3859 perpetuam
729 3774 950 3839 elemosinam.

565 3910 737 3975 Abbatissa
752 3909 928 3992 Wyntonie
954 3914 1044 3973 tenet
1069 3912 1104 3974 in
1130 3912 1311 3979 Ganraoan
1332 3911 1360 3995 j.
1376 3911 1400 3977 f.
1418 3932 1462 3977 m.
1478 3917 1514 3975 et
1540 3911 1585 3976 di.
1601 3910 1643 3974 da
1669 3932 1742 3996 rege
1770 3910 1840 3973 sine
1863 3908 1969 3973 medio
1989 3910 2025 3973 in

522 4018 639 4081 puram
653 4004 688 4061 et
701 4002 895 4081 perpetuam
910 3997 1131 4063 elemosinam.

566 4132 723 4195 Ricardus
737 4130 927 4217 Shropshire
941 4138 1033 4198 tenet
1048 4135 1084 4198 in
1100 4134 1275 4202 Cassnwrn
1290 4134 1335 4199 di.
1350 4134 1374 4199 f.
1391 4154 1436 4200 m.
1453 4134 1492 4198 de
1507 4154 1583 4219 rege
1599 4134 1668 4197 sine
1684 4135 1803 4201 medio.

568 4270 608 4333 In
623 4268 716 4354 cujus
730 4270 777 4333 rei
792 4272 1019 4335 testimonium
1035 4277 1098 4339 etc.

873 4583 1095 4650 Wsaaursors
1116 4604 1161 4650 on
1183 4582 1302 4652 BOBY
1324 4602 1365 4649 ns
1388 4582 1686 4652 GRAFFHOWE.

569 4746 745 4831 inquisicio
759 4750 856 4827 capta
870 4747 958 4828 apud
972 4746 1127 4810 Ancastre
1141 4745 1195 4809 die
1211 4746 1302 4809 Luna
1316 4748 1463 4829 proximo
1489 4752 1563 4830 post
1589 4747 1709 4810 festum
1735 4743 1884 4829 Corporis
1907 4744 2029 4810 Christi

525 4853 611 4897 anno
624 4834 717 4917 regni
730 4836 821 4916 regis
835 4832 970 4895 Henrioi
984 4835 1094 4915 quarti
1109 4835 1210 4897 tercio
1229 4838 1298 4913 (etc.
1314 4856 1350 4899 aa
1368 4835 1481 4918 bosora)
1500 4855 1555 4918 per
1570 4839 1806 4897 sacramentum
1830 4832 2030 4917 Bawdewyni

528 4920 657 5003 Worley
671 4921 710 4982 de
726 4918 892 5002 Skynand‚
907 4920 1002 4982 Alani
1018 4919 1161 5004 likylsall
1178 4922 1219 4983 de
1243 4921 1352 5006 Colby,
1369 4922 1527 4989 Willclmi
1549 4922 1643 5006 Tylle
1669 4922 1708 4984 de
1730 4922 1856 5001 eadem
1872 4919 2030 4984 Johannis

526 5007 616 5071 Bake
652 5008 692 5069 de
729 5006 890 5089 Rotheby,
927 5008 1056 5071 Ricardi
1095 5007 1280 5071 Willesford
1318 5010 1356 5071 de
1394 5008 1562 5086 Welburn,
1610 5008 1760 5091 Hugonis
1805 5007 1951 5092 Braceby
1988 5008 2029 5071 dc

526 5095 780 5181 Wellyngovere,
795 5092 956 5157 Johannis
978 5094 1073 5177 Ryby
1088 5096 1128 5159 de
1154 5096 1283 5174 eadem,
1297 5094 1422 5159 Thome
1449 5096 1545 5160 Clerk
1560 5098 1601 5160 de
1616 5096 1783 5173 Welburn,
1798 5094 1936 5159 Noherti
1956 5094 2027 5175 (sie)

527 5182 659 5245 Neuton
685 5182 726 5245 de
753 5180 915 5259 Carloton,
941 5181 1100 5246 Johannis
1126 5182 1231 5265 Stayll
1250 5182 1289 5263 (i)
1306 5182 1345 5247 de
1370 5184 1565 5267 Stapsliord‚
1582 5184 1710 5247 Andros
1725 5183 1816 5245 West
1841 5181 2030 5263 decadem,

525 5270 664 5351 Henrioi
677 5268 777 5333 Jalrcs
791 5270 831 5331 de
847 5269 982 5348 Notion,
995 5268 1017 5332 J
1018 5269 1154 5333 ohannis
1169 5270 1303 5335 Fhisser
1317 5270 1357 5335 de
1372 5270 1549 5356 Thurleby,
1563 5277 1598 5334 et
1612 5270 1746 5335 Roberti
1769 5268 1951 5355 Skynnour,
1974 5272 2031 5355 qui

527 5357 644 5421 dicunt
658 5378 752 5441 super
764 5364 1001 5422 sacramentum
1017 5376 1112 5420 suum
1126 5358 1214 5441 quod
1225 5380 1280 5421 2-

570 5595 663 5661 Prior
676 5596 793 5659 domus
808 5596 925 5660 Sancte
940 5595 1098 5661 Katerine
1112 5603 1225 5661 teuent
1239 5598 1276 5662 in
1290 5598 1497 5664 Hnaunsnou
1512 5602 1661 5681 quartam
1675 5602 1801 5681 partem
1815 5618 1872 5662 un.
1888 5598 1911 5663 f.
1929 5618 1975 5664 m.
1990 5598 2031 5662 dc

526 5704 604 5770 rege
618 5685 687 5748 sina
702 5684 810 5747 medio
823 5684 859 5747 iu
874 5705 989 5768 puram
1004 5689 1039 5749 et
1054 5689 1244 5771 perpetuam
1260 5685 1482 5751 elemosinam.

571 5821 720 5885 Decanus
749 5824 783 5883 et
812 5822 993 5906 capitulum
1025 5822 1157 5887 ecclesie
1186 5822 1383 5888 cathedralis
1413 5820 1582 5886 Lincoluie
1612 5825 1730 5886 tenent
1758 5820 1871 5885 decem
1900 5821 2034 5887 libratas

525 5909 677 5976 annualis
690 5908 839 5973 redditus
853 5908 975 5975 ibidem
990 5911 1032 5977 de
1046 5932 1120 5997 rege
1134 5912 1204 5977 sino
1220 5910 1331 5975 medio
1345 5912 1382 5975 in
1397 5928 1515 5994 puram
1529 5914 1565 5975 st
1576 5914 1771 5995 perpetuam
1786 5908 2009 5979 elemosinam.
