5000 7050
1041 1080 1122 1147 AD.
1146 1081 1370 1149 last-1285.
1934 1080 1953 1145 ὅ

498 1362 919 1434 emmau-Rudanas
942 1369 1127 1436 Garuinton
1152 1346 1244 1435 tenet
1267 1370 1308 1434 de
1324 1370 1438 1435 eodem
1453 1366 1571 1433 abbate
1586 1373 1735 1450 quartam
1750 1372 1879 1453 partem
1893 1388 1950 1435 un.

456 1452 479 1515 f·
494 1452 529 1514 in
545 1452 763 1535 Ganwnsrou,
777 1461 812 1521 et
833 1459 978 1543 pertinet
1000 1458 1042 1522 ad
1062 1458 1227 1521 baroniam
1250 1458 1378 1524 abbatis
1403 1456 1516 1524 Sancti
1539 1455 1729 1542 Augustini,
1745 1476 1843 1541 quam
1864 1457 1951 1521 idem

454 1538 552 1604 abbas
566 1547 663 1605 tenet
677 1543 718 1606 dc
732 1564 815 1628 rege.

497 1669 884 1739 warrenna—Hannone
910 1676 950 1739 de
973 1675 1127 1760 Wingate
1153 1679 1188 1738 et
1214 1674 1399 1741 Willclmus
1425 1676 1464 1739 de
1490 1672 1657 1741 selveston
1684 1673 1891 1741 tenatius.
1916 1676 1951 1737 iu

455 1754 618 1824 Wnsoaua
641 1760 682 1824 da
705 1760 816 1826 eodem
837 1762 963 1845 abbate,
985 1768 1020 1827 et
1040 1764 1187 1848 pertinet
1209 1763 1251 1827 ad
1275 1762 1440 1828 baroniam
1466 1761 1594 1826 abbatis
1622 1764 1734 1831 Sancti
1760 1761 1949 1846 Augustini,

453 1863 551 1928 quam
565 1846 654 1911 idem
668 1847 766 1915 abbas
781 1855 875 1916 tenet
889 1851 929 1917 de
943 1872 1031 1936 rege.

888 2094 1108 2161 Huunanntur
1131 2114 1175 2159 nn
1198 2091 1512 2177 QUERNILOWE.

494 2266 653 2334 Radulfus
667 2270 709 2334 dc
726 2270 902 2357 Sandwyco
916 2277 1008 2339 tenet
1022 2293 1078 2339 un.
1095 2274 1118 2338 f.
1136 2273 1176 2338 de
1192 2272 1344 2338 Gotelino
1362 2269 1432 2353 (sic)
1451 2271 1492 2335 de
1508 2270 1743 2336 Badelesmere.

496 2395 813 2487 Somou-nugo
851 2402 1006 2487 Soudang
1040 2407 1135 2469 tenet
1172 2423 1228 2469 un.
1268 2402 1291 2468 f.
1329 2404 1364 2466 in
1405 2402 1560 2469 Sursrou
1598 2401 1639 2465 de
1676 2400 1792 2467 abbate
1837 2400 1950 2470 Sancti

450 2484 592 2569 Augusti
611 2489 694 2567 (cic).

495 2614 862 2685 Sounou.-Nicholaus
876 2620 917 2684 de
932 2619 1025 2704 Cryel
1041 2625 1133 2687 tanet
1149 2622 1280 2691 Sounou
1297 2640 1366 2706 pro.
1383 2639 1439 2687 un.
1456 2621 1479 2685 t.
1496 2621 1536 2685 de
1551 2620 1665 2684 eodem
1679 2619 1805 2689 abbate.

493 2745 671 2813 Werresius
685 2748 727 2814 de
741 2749 915 2835 Waleynes
928 2755 1022 2816 tenet
1036 2770 1093 2817 un.
1109 2751 1133 2816 f.
1149 2751 1190 2815 de
1205 2751 1348 2816 Waltaro
1363 2750 1404 2815 de
1418 2750 1553 2817 Lecton.

491 2881 589 2966 Elyas
603 2883 646 2947 de
660 2883 896 2971 Betleahangre
911 2890 1004 2952 tenet
1016 2886 1056 2985 *di
1071 2886 1095 2952 f.
1111 2887 1151 2952 de
1165 2887 1327 2952 Werresio
1342 2886 1383 2951 ds
1398 2885 1580 2972 Waleynea.

491 3016 655 3083 Walterus
679 3016 864 3085 Northinnc
892 3020 1019 3102 (rectius
1049 3019 1267 3102 Northbinue)
1299 3026 1392 3087 tenet
1417 3025 1566 3106 quartam
1591 3026 1719 3106 partem
1757 3041 1813 3087 un.
1850 3020 1873 3087 f.
1906 3020 1945 3086 de

445 3102 587 3190 Hugone
609 3106 775 3193 Soudang,
792 3113 827 3173 et
840 3107 929 3174 idem
944 3108 1044 3193 Hugo
1058 3108 1098 3174 de
1111 3108 1228 3174 abbate
1245 3110 1358 3179 Sancti
1373 3110 1562 3195 Augustini.

902 3378 1125 3447 Hnannunurr
1147 3400 1191 3447 nn
1214 3380 1485 3451 BBITHOLTE.

487 3559 884 3627 Ammon-Hannone
907 3560 1010 3646 Gayie
1028 3565 1124 3628 tenet
1142 3563 1279 3629 terciam
1292 3569 1423 3648 partem
1438 3563 1461 3629 t.
1476 3583 1533 3630 un.
1549 3582 1594 3630 m.
1611 3563 1697 3646 apud
1714 3564 1887 3637 Aunruwu
1906 3567 1945 3633 de

442 3648 696 3734 archiepiscopo,
712 3652 749 3713 et
763 3647 1020 3734 archiepiscopus
1033 3649 1074 3716 ds
1087 3670 1175 3736 rege.

833 3893 1054 3964 Huunannurr
1076 3917 1120 3963 on
1142 3895 1432 3967 uuwucflrnn
1460 3900 1540 3979 (aio).

487 4026 848 4140 martion-Thomas
861 4070 902 4137 de
919 4071 1106 4159 Sntbaneys
1121 4077 1210 4140 tanet
1225 4073 1271 4138 di.
1287 4073 1312 4141 i.
1328 4075 1416 4159 apud
1431 4075 1573 4145 Wuscno
1588 4075 1629 4140 de
1643 4094 1720 4160 rege
1734 4076 1756 4145 i.
1771 4098 1801 4144 o.

485 4204 841 4276 Bomio-ioman
853 4206 895 4273 ds
910 4207 1109 4276 Orlaweaton
1130 4214 1221 4276 tenet
1234 4210 1280 4277 di.
1297 4211 1320 4279 f.
1337 4209 1424 4296 apud
1439 4210 1571 4282 Βοκιιιο
1585 4212 1627 4277 dc
1642 4233 1717 4298 rege
1731 4214 1754 4280 i.
1771 4235 1799 4279 c.

848 4479 1069 4548 Hnunnnourr
1091 4501 1136 4548 nn
1158 4480 1532 4554 ALUFFESBROGG.

482 4657 664 4726 Willelrnna
678 4659 721 4725 de
736 4659 920 4748 Effingharn
936 4668 1029 4730 tenet
1045 4664 1091 4730 di.
1108 4663 1132 4730 i.
1148 4664 1190 4728 de
1203 4661 1320 4729 abbate
1337 4665 1447 4733 Sancti
1464 4666 1655 4750 Augustini.

477 4789 645 4858 Johannea
657 4794 702 4860 de
717 4793 910 4862 Orlaueston
928 4803 1020 4864 tenet
1035 4798 1083 4867 di.
1099 4797 1122 4865 f.
1139 4798 1180 4863 de
1196 4797 1311 4863 eodem
1326 4799 1456 4866 abbate.

477 4927 669 4996 Gerrassius
683 4929 784 4996 Alard
797 4937 891 4997 tenet
905 4931 951 5000 di.
968 4933 992 5000 f.
1009 4932 1049 4999 de
1063 4931 1303 5018 archiepiscopo
1318 4935 1354 4999 iu
1369 4935 1516 5019 predicto
1530 4933 1708 5002 hundredo.

913 5174 1134 5245 Huunauourr
1156 5196 1200 5244 ou
1223 5174 1456 5245 CHETHAM.

480 5351 845 5454 Sanamem-Simon
871 5354 1043 5424 Sobarated
1066 5361 1159 5422 tenet
1185 5357 1367 5421 manerium
1388 5355 1429 5420 dc
1452 5355 1624 5426 Surasrun
1646 5378 1703 5441 pro
1718 5377 1774 5422 un.
1790 5358 1814 5426 t.
1831 5379 1875 5425 m.
1892 5362 1932 5425 ds

431 5458 511 5524 rege
525 5458 549 5507 1.
565 5460 595 5508 c.

476 5574 894 5643 Sacazama-(rotelinus
908 5577 949 5644 de
964 5577 1176 5646 Batelisrnere
1190 5585 1283 5645 tenet
1298 5579 1479 5645 manerium
1491 5579 1530 5644 de
1542 5579 1727 5648 Suonunrsr
1742 5602 1799 5664 pro
1815 5587 1931 5665 quarta

430 5669 523 5746 parte
537 5684 593 5730 uu.
607 5664 632 5728 f.
646 5663 689 5728 de
704 5684 793 5750 rege.

471 5793 906 5864 wamma-iohannes
933 5796 1059 5884 Savage
1085 5804 1177 5865 tonet
1200 5801 1382 5863 manerium
1415 5799 1457 5862 de
1485 5801 1696 5869 Wuunsnsnn
1726 5821 1785 5883 pro
1815 5809 1930 5883 quarta

427 5884 555 5970 partes.
572 5885 614 5949 de
628 5883 781 5949 Jobauue
797 5882 838 5946 de
854 5883 1052 5968 Godmeton‚
1068 5893 1104 5953 et
1118 5887 1205 5953 idem
1220 5885 1386 5952 Jobanues
1401 5885 1440 5949 de
1456 5907 1540 5968 rege.
