5000 7050
1267 1052 1399 1117 KENT.

1058 1342 1294 1431 [Hounannon
1318 1364 1362 1408 nn
1385 1337 1601 1428 Pernam]

622 1484 801 1567 laquiricio
826 1489 923 1568 capta
949 1483 1035 1569 apud
1062 1484 1272 1549 cantuariam
1297 1483 1332 1546 in
1358 1482 1516 1545 comitatu
1543 1478 1680 1558 Kancie,
1703 1487 1737 1545 x⁰
1755 1478 1808 1542 die
1827 1478 1978 1543 Ianuarii
1992 1497 2083 1541 anno

578 1574 671 1655 regni
685 1574 772 1656 regis
787 1573 922 1635 Henrici
939 1573 1002 1655 vja
1016 1582 1068 1650 κθ,
1079 1591 1185 1635 coram
1200 1570 1222 1635 J
1223 1569 1350 1635 ohanne
1359 1568 1484 1633 Pecche
1498 1574 1565 1647 (otc.
1577 1592 1612 1633 oe
1629 1570 1755 1651 before),
1769 1587 1825 1649 per
1841 1571 2081 1629 sacramentum

578 1659 671 1723 Petri
701 1659 799 1737 Beek,
838 1660 971 1724 Henrici
1008 1660 1128 1743 Pulryl,
1163 1658 1323 1723 Iohannis
1358 1657 1492 1737 Perage,
1533 1656 1693 1719 Johannia
1731 1653 1884 1736 Godlray,
1917 1652 2079 1715 Willelmi

577 1746 751 1830 Tropham‚
767 1746 926 1811 Johennis
941 1748 982 1811 de
996 1747 1120 1824 Denne,
1138 1746 1280 1810 Simonis
1298 1738 1619 1825 Haneielde,Thome
1635 1740 1804 1826 Pylchare,
1814 1741 1949 1805 Henrici
1966 1741 2077 1822 Pyers,

577 1834 736 1985 {Jolggpplis
750 1834 934 1986 chappele,
950 1834 1110 1899 Iohannis
1125 1833 1269 1984 Domlet
1285 1832 1306 1896 J
1309 1834 1443 1896 ohannis
1458 1834 1503 1983 dg
1515 1830 1624 1911 Court,
1636 1830 1822 1914 juratorum
1848 1826 2010 1893 hundredi
2033 1826 2077 1890 de

607 1942 625 1984 e
719 1944 798 2007 ,qur
835 1932 928 1987 ruunt
943 1942 1039 2006 super
1053 1942 1218 1986 sacramen
1235 1942 1292 1984 um
1308 1941 1402 1984 suum
1418 1941 1462 2005 qu
1515 1944 1568 1983 2-

622 2056 799 2121 Nicholaus
814 2058 939 2139 Havete,
954 2058 995 2122 de
1012 2057 1142 2122 Boume
1158 2058 1193 2120 in
1208 2058 1369 2121 comitatu
1385 2056 1524 2131 Kencie,
1538 2056 1687 2140 armiger,
1704 2054 1757 2117 die
1776 2052 1912 2117 Veneris
1933 2052 2081 2135 proximo

578 2150 653 2208 ante
675 2144 799 2209 festum
823 2145 937 2210 Sancti
960 2146 1105 2224 Hillarii,
1130 2146 1283 2229 episcopi,
1308 2144 1425 2207 ultimo
1447 2143 1613 2227 preterito,
1630 2144 1697 2205 fuit
1711 2142 1851 2218 saisitus,
1869 2145 1907 2203 nt
1923 2140 1963 2203 de
1978 2140 2078 2202 libero

579 2239 765 2296 tenemento
794 2253 863 2314 suo,
889 2234 926 2297 in
950 2234 1094 2297 manerio
1119 2234 1160 2296 de
1186 2233 1392 2299 Sutunurca
1418 2252 1500 2295 cum,
1518 2231 1585 2293 suis
1611 2229 1818 2312 pertinenciis
1843 2230 1879 2291 in
1909 2226 2077 2291 hundredo

578 2321 732 2404 predicto,
761 2321 1004 2405 quodquidam
1031 2321 1211 2387 manerium
1238 2325 1368 2383 tenetur
1393 2339 1451 2402 per
1481 2318 1650 2383 servicium
1682 2316 1867 2381 medietatis
1897 2334 1953 2381 un.
1983 2314 2006 2379 f.
2032 2334 2075 2377 m.

579 2410 701 2493 integri
716 2416 752 2472 et
765 2410 855 2494 ij⁸¹¹⁰¹¹
870 2411 1014 2493 partium
1024 2409 1053 2493 j.
1069 2408 1223 2493 quartarii
1239 2428 1296 2471 un.
1314 2406 1337 2471 f.
1354 2426 1398 2470 m.
1415 2406 1546 2489 integri.

623 2548 667 2609 Et
678 2546 783 2631 quoad
792 2548 1030 2633 quinquaginta
1040 2547 1135 2611 feoda
1144 2546 1289 2609 militum
1302 2550 1360 2609 aut
1376 2545 1529 2628 percellas
1540 2543 1708 2607 feodorum
1718 2542 1862 2606 militum
1872 2544 2080 2623 integrorum,

578 2635 619 2697 de
634 2636 751 2718 quibus
765 2656 902 2719 expensa
917 2635 1063 2699 militum
1079 2635 1255 2699 comitatus
1270 2632 1411 2717 predicti
1426 2633 1468 2696 ad
1495 2632 1747 2715 parliamentum
1770 2631 1926 2694 ultimum
1950 2631 2079 2693 tentum

581 2723 757 2787 electorum
776 2728 843 2802 (etc.
861 2746 897 2788 oa
913 2725 1039 2807 before).

622 2861 709 2923 Item
733 2861 848 2924 dicunt
873 2861 960 2945 qnod
984 2861 1143 2938 Johenne,
1169 2878 1274 2944 nuper
1299 2879 1379 2923 uxor
1402 2857 1563 2921 Johennis
1589 2856 1743 2921 Exoetere
1767 2855 1807 2919 de
1833 2854 1971 2919 Preston
1984 2853 2078 2939 juxte

577 2946 805 3031 Feverysham,
821 2948 1023 3034 gentylman,
1041 2947 1108 3011 fnit
1123 2948 1234 3011 saisita
1248 2951 1311 3011 etc.
1329 2947 1368 3009 de
1383 2966 1448 3009 uno
1464 2950 1656 3010 tenemento
1671 2964 1747 3007 oum
1775 2943 1842 3007 suis
1869 2943 2080 3025 pertinenciis

577 3039 612 3098 ln
636 3037 786 3118 parochia
809 3044 844 3099 et
858 3035 1027 3101 hundredo
1042 3036 1082 3099 de
1097 3035 1236 3101 Pernen
1254 3034 1408 3118 predicte,
1425 3032 1658 3118 quodquidam
1675 3036 1904 3096 tenementum
1919 3031 2006 3095 valet
2022 3048 2078 3112 per

581 3142 704 3186 annum
718 3130 792 3202 etc,
809 3123 927 3207 arvjo.
943 3123 1051 3208 viijo.
1993 3134 1996 3144 '

625 3210 670 3273 Et
684 3209 781 3273 hebet
795 3211 874 3275 alibi
889 3212 924 3274 in
941 3212 1054 3274 eodem
1069 3211 1241 3288 comitatu,
1259 3214 1321 3275 etc.

625 3348 723 3427 Item,
740 3348 881 3412 Thomas
896 3347 1026 3426 Balard,
1039 3349 1179 3431 armiger
1204 3345 1437 3430 archiepiscopi
1453 3343 1708 3423 Cantuariensis,
1725 3345 1787 3407 fuit
1803 3343 1935 3407 seisitus
1961 3347 2024 3408 etc.
2040 3342 2080 3406 de

581 3437 837 3608 (clelrgigatleergpsegg
851 3438 1049 3589 tgpgmentis
1062 3437 1166 3500 tentis
1181 3436 1214 3498 in
1230 3434 1406 3520 gavilkend
1422 3433 1508 3518 apud
1523 3434 1757 3513 Serranorum
1774 3431 1889 3495 eodem
1903 3428 2080 3517 hundredo,

622 3662 720 3741 Item,
737 3662 841 3745 jurati
868 3661 1005 3746 predicti
1029 3661 1155 3742 dicunt,
1185 3661 1272 3746 quod
1298 3661 1524 3745 prenominata
1548 3678 1683 3743 persone
1710 3659 1804 3738 laice,
1830 3678 1890 3722 nec
1905 3658 2011 3740 aliqui
2025 3658 2081 3722 elii

579 3749 655 3812 laici
671 3754 730 3812 aut
743 3751 886 3834 religiosi
901 3771 958 3814 seu
973 3750 1158 3834 spitituales
1172 3770 1233 3813 nec
1247 3749 1367 3834 aliquis
1389 3749 1473 3812 alius
1497 3747 1540 3810 ed
1566 3767 1679 3811 eorum
1706 3767 1784 3811 usus
1809 3766 1874 3810 non
1898 3743 2081 3809 habuerunt

580 3835 632 3899 die
647 3842 681 3900 et
696 3858 781 3900 anno
795 3838 950 3921 predictis
962 3837 1072 3920 aliqua
1086 3838 1190 3916 feoda,
1205 3835 1362 3921 percellas
1377 3835 1555 3914 feodorum,
1573 3835 1730 3913 maneria,
1746 3839 1858 3912 terras,
1881 3837 2080 3910 tenemento,

579 3924 727 4074 redditus
756 3927 856 3989 siccos
887 3937 944 3990 eut
973 3945 1108 3989 onerum
1138 3927 1174 3988 in
1203 3923 1375 3988 hundredo
1408 3921 1555 4008 predicto
1592 3926 1704 4007 preter
1741 3921 1799 3985 ille
1836 3940 1900 4004 que
1936 3923 2083 4006 superius

581 4013 666 4094 speci
693 4016 817 4078 cantur.

630 4150 669 4213 In
686 4150 777 4235 cujus
792 4152 841 4214 rei
855 4151 1082 4214 testimonium
1098 4152 1160 4214 etc.

1057 4361 1277 4430 Houoanonrr
1301 4385 1344 4430 nn
1370 4360 1620 4433 STOWTYNG.

624 4506 801 4590 Inquisicio
825 4507 920 4588 capta
944 4504 1031 4588 apud
1059 4501 1269 4568 cantuariam
1296 4502 1423 4566 decimo
1454 4501 1506 4566 die
1536 4500 1733 4579 Decembris,
1762 4519 1847 4564 enno
1876 4501 1970 4586 regni
2002 4503 2084 4586 regis

581 4595 716 4658 Henrici
741 4594 826 4657 sexti
850 4599 925 4674 post
950 4597 1162 4674 conquestum
1187 4591 1307 4675 Anglie
1334 4591 1470 4670 decimo,
1497 4609 1604 4652 coram
1627 4587 1773 4653 Johenne
1799 4587 1922 4652 Pecche
1947 4594 2014 4668 (etc.
2049 4613 2085 4654 as

584 4683 710 4766 before),
748 4701 805 4765 per
840 4687 1077 4744 sacramentum
1111 4677 1268 4741 Willelmi
1309 4677 1449 4752 Giffard,
1489 4676 1648 4740 Johennis
1686 4674 1871 4759 Inlrepette,
1911 4677 2087 4760 Augustini

582 4771 615 4832 K
638 4817 646 4832 .
670 4771 826 4847 thamme,
845 4767 987 4832 Simonis
1005 4766 1189 4850 lnhepette,
1207 4765 1367 4833 Iohannis
1384 4764 1519 4842 Beaute,
1536 4764 1695 4828 Iohannis
1709 4768 1778 4827 ette
1794 4762 1902 4844 Holle,
1929 4764 2087 4828 Willelmi

583 4858 681 4940 Pege,
692 4853 851 4919 Johennis
864 4855 1054 4933 Wodeman‚
1067 4854 1238 4917 Laurenoii
1255 4851 1547 4938 Upton‚Johannis
1560 4853 1725 4931 Cartere„
1773 4899 1781 4916 .
1828 4901 1836 4917 .
1885 4901 1892 4916 .
1941 4901 1948 4916 .
1996 4898 2004 4916 .
2052 4902 2086 4930 .,

580 4950 615 5009 et
643 4942 802 5006 Iohannis
830 4947 897 5006 atie
932 4939 1050 5022 Brolre,
1076 4941 1260 5026 juratorum
1291 4939 1449 5004 hundredi
1480 4940 1519 5004 de
1551 4937 1734 5024 Stovvtyng,
1763 4939 1821 5021 qui
1848 4938 1964 5002 dicunt
1994 4959 2087 5023 super

582 5037 821 5096 sacramentum
836 5050 931 5094 suum
948 5030 1051 5112 quod:
1066 5067 1098 5077 -

624 5167 779 5231 Ricardus
794 5167 835 5231 de
850 5164 984 5244 (lumbe,
1003 5166 1043 5229 de
1057 5164 1320 5250 Haatyngleghe‚
1335 5138 1485 5249 armiger,
1503 5163 1556 5228 die
1572 5163 1706 5227 Veneria
1731 5167 1794 5227 etc.
1811 5160 1878 5226 fuit
1892 5163 2025 5226 saisitus
2046 5164 2088 5227 de

582 5257 681 5407 {grtifs
697 5254 915 5427 1{englilstergrriud
942 5255 1173 5321 Souannaoaa
1201 5255 1235 5315 in
1261 5253 1374 5316 eodem
1401 5251 1579 5331 hundredo,
1596 5271 1654 5335 per
1669 5250 1843 5314 servicium
1858 5255 1970 5314 octava
1985 5254 2089 5335 pertis

624 5480 726 5558 Item,
740 5479 899 5558 Ehzabet,
916 5478 1050 5541 domine
1064 5479 1193 5562 Tryvet,
1209 5479 1275 5542 fuit
1290 5478 1401 5542 seisita
1415 5482 1479 5543 etc.
1505 5475 1546 5540 de
1563 5477 1709 5540 manerio
1732 5477 1772 5541 de
1798 5476 1989 5558 Snownruu,
2014 5499 2089 5544 cum

580 5569 648 5634 auis
662 5567 884 5652 pertinenciis,
901 5567 936 5629 in
953 5566 1068 5630 eodem
1082 5564 1252 5629 hundredo
1267 5586 1325 5651 per
1340 5565 1515 5630 servicium
1531 5585 1587 5630 nn.
1604 5566 1627 5630 f.
1645 5585 1688 5630 m.
1706 5566 1839 5649 integri.

624 5708 668 5772 Et
698 5706 804 5790 quoad
832 5705 890 5768 illa
921 5704 1160 5792 qninquaginta
1189 5706 1285 5769 feoda
1317 5706 1465 5770 militurn
1494 5725 1553 5769 seu
1587 5703 1743 5789 percellas
1767 5723 1879 5768 eorum
1906 5702 2089 5784 dequibus

581 5793 899 5966 pentpergssebgffigum
932 5795 1108 5859 comitatus
1137 5793 1219 5858 dicti
1250 5793 1291 5858 ed
1322 5793 1573 5880 parliamentum
1604 5793 1722 5860 ultime
1752 5794 1880 5860 tentum
1912 5791 2090 5862 electorum
