5000 7050
541 1013 605 1080 aas
707 968 709 972 ’
1198 1013 1403 1085 aruceus.

544 1299 726 1456 ALThomas
748 1299 932 1381 Ohaworth,
947 1303 1052 1384 miles,
1068 1309 1103 1368 et
1126 1303 1284 1369 Robertus
1307 1305 1493 1389 Deynoourt
1507 1308 1621 1369 tenent
1636 1303 1702 1368 t'res
1717 1308 1827 1388 partes
1842 1323 1898 1367 un.
1914 1302 1938 1369 i.
1953 1322 1999 1366 ιιι.
2013 1302 2052 1364 in

595 1409 738 1456 sueres.

588 1525 700 1590 Simon
730 1527 838 1592 Leeke
867 1531 961 1593 tenet
988 1531 1025 1592 in
1057 1529 1232 1597 Sueaaouu
1263 1529 1477 1594 medietatem
1506 1550 1562 1596 un.
1585 1530 1609 1596 f.
1631 1550 1676 1594 m.
1730 1527 1915 1616 [Marpinal
1942 1523 2045 1614 note]

545 1613 707 1678 Similiter
720 1615 783 1679 ista
797 1614 965 1684 medietas.

587 1750 780 1837 Radulphus
808 1753 997 1841 Messauger
1024 1758 1119 1820 tenet
1147 1756 1182 1819 in
1207 1756 1382 1824 (lismona
1404 1756 1615 1822 medietatem
1645 1776 1701 1820 un.
1724 1756 1747 1822 t.
1770 1777 1814 1821 m.
1866 1752 2051 1841 [lilarpiaol

447 1847 450 1854 '
542 1837 641 1926 noto]
669 1840 830 1906 Similiter
843 1843 907 1906 ista
922 1844 1091 1909 medietas.
1192 1865 1194 1868 ·

588 1976 693 2042 Abber
708 1978 749 2042 de
764 1977 885 2044 Newho
899 1981 991 2043 tenet
1004 1981 1041 2042 in
1056 1978 1169 2043 eadem
1184 1979 1397 2043 medietatem
1412 1999 1469 2044 un.
1485 1978 1508 2046 f.
1524 2000 1570 2046 m.

587 2113 748 2178 Robertus
764 2115 859 2193 Roos,
871 2115 977 2193 miles,
990 2119 1082 2179 tenet
1097 2115 1132 2179 in
1148 2115 1357 2182 Huuesarou
1373 2121 1406 2179 et
1421 2117 1577 2184 Wrwnun
1590 2117 1808 2181 medietatem
1823 2134 1881 2180 un.
1891 2093 1921 2179 l.
1938 2135 1982 2179 m.

587 2253 631 2315 Et
656 2251 696 2316 de
720 2252 852 2316 residuo
875 2252 1044 2316 feodorum
1064 2251 1211 2317 militum
1242 2253 1278 2316 in
1307 2253 1562 2337 wappentaohiis
1591 2253 1748 2338 predictis
1777 2249 1895 2316 nichil·
1910 2252 2049 2317 ulterius

543 2339 658 2403 sciunt·
666 2345 850 2424 presentare
866 2340 973 2426 quoad
986 2359 1126 2428 presens.
1171 2341 1212 2404 In
1227 2341 1457 2405 testimoninm
1471 2339 1571 2427 hujus
1586 2346 1649 2407 eto.

873 2585 1181 2675 [Wsrsuursonruu
1204 2584 1265 2673 nu]
1294 2587 1414 2655 BOBY
1436 2608 1477 2652 nr
1500 2586 1730 2655 GRAFFOW.

587 2751 767 2840 Inquisieio
788 2757 884 2836 capta
906 2753 995 2838 apud
1018 2751 1144 2816 Sleiord
1166 2752 1220 2816 die
1243 2753 1335 2816 Lune
1359 2752 1419 2837 vij⁰
1439 2749 1494 2814 die
1509 2751 1632 2815 mensis
1648 2750 1741 2823 Junii
1756 2753 1847 2815 anno‘
1856 2751 1949 2836 regni
1962 2751 2049 2834 regis

543 2839 680 2904 Henrioi
716 2839 799 2904 sexti
835 2845 927 2904 sexto
963 2859 1070 2903 eoram
1106 2839 1255 2904 Johanne
1292 2837 1381 2902 Leke
1421 2839 1460 2902 de
1501 2837 1684 2902 Grantham
1728 2835 1801 2925 [eto.
1839 2860 1876 2904 as
1913 2835 2049 2925 before}

307 2938 311 2946 '
401 2991 403 2994 ,
543 2928 826 2991 oommissionariis
854 2927 980 2996 domini
1008 2928 1093 3010 regis
1122 2929 1156 2990 in
1188 2926 1336 3010 pertibus
1365 2926 1405 2989 de
1443 2925 1608 2990 Kesteven
1644 2925 1687 2989 ad
1722 2923 1958 3010 inquirendum
1985 2928 2048 2989 viis

542 3020 576 3079 et
591 3003 698 3078 modis
712 3014 752 3077 de
766 3015 916 3078 omnihus
932 3019 966 3077 et
982 3013 1120 3100 singulis
1136 3014 1239 3078 feodis
1254 3013 1401 3076 militum
1421 3032 1523 3098 usque
1540 3013 1581 3076 ad
1596 3033 1680 3098 quan
1689 3010 1838 3099 [titatem
1852 3010 2042 3100 cujuslibet]

544 3101 633 3166 feodi
658 3122 782 3165 necnon
808 3102 849 3165 de
871 3102 1022 3164 omuibus
1044 3101 1211 3165 benefieiis
1234 3121 1373 3186 qnorum
1402 3097 1552 3184 parochie
1583 3120 1649 3163 non
1679 3100 1803 3163 habent
1831 3101 2049 3163 decemviros

542 3187 763 3252 inhabitantes
777 3187 845 3253 sive
859 3189 1026 3253 domicilia
1040 3193 1149 3252 tenent
1155 3209 1189 3251 es
1204 3188 1401 3274 diligencius
1415 3187 1540 3271 inquiri
1555 3190 1680 3271 possint
1701 3185 1773 3275 [per
1787 3185 2041 3274 sacramentum]

542 3282 605 3342 eto.
650 3276 714 3352 Qui
728 3275 843 3340 dieunt
858 3277 943 3361 quod
958 3275 1060 3339 nichil
1076 3277 1183 3339 sciunt
1199 3275 1377 3340 certificare
1392 3275 1433 3338 ad
1448 3294 1581 3359 pressus
1594 3295 1652 3358 pro
1673 3278 1766 3337 tanto
1788 3275 1873 3360 quod
1895 3275 1959 3358 ipsi
1980 3294 2046 3337 non

544 3362 666 3427 habent
689 3363 871 3427 evideuoias
893 3363 1091 3427 diversorum
1113 3363 1283 3436 hominum
1307 3363 1401 3426 ieoda
1424 3361 1571 3425 militum
1592 3361 1779 3426 tenenoium
1802 3382 1860 3425 neo
1887 3357 2041 3448 [rotulos]

542 3452 632 3515 curie
660 3450 785 3514 domiui
814 3450 899 3539 regis
920 3454 968 3514 eis
990 3451 1112 3530 missos,
1135 3471 1194 3536 per
1216 3470 1295 3537 quos
1317 3452 1443 3534 possint
1463 3449 1504 3512 ad
1526 3450 1699 3513 materiam
1719 3449 1900 3534 predictam
1929 3449 2048 3512 melius

542 3537 719 3605 informari.
763 3537 841 3603 Ideo
856 3537 960 3603 niohil
975 3542 1026 3603 est
1040 3546 1149 3604 aetum
1164 3540 1204 3603 sd
1219 3559 1360 3623 presens.
1404 3538 1446 3600 Iu
1461 3537 1555 3624 eujus
1570 3539 1617 3602 rei
1632 3539 1860 3603 testimonium
1876 3541 1938 3603 ete.

586 3678 677 3741 Item
697 3677 813 3741 dieunt
835 3676 921 3763 quod
944 3677 978 3741 iu
994 3677 1073 3742 villa
1095 3677 1135 3741 de
1160 3676 1340 3747 Suruusrur
1362 3697 1428 3742 non
1451 3675 1608 3741 suntnisi
1623 3676 1756 3741 serviri
1770 3673 1996 3740 inhabitantes
2010 3678 2045 3739 et

542 3765 696 3829 domiolia
711 3768 871 3831 tenentes.

960 3947 1268 4037 [Wsrssurscrsmu
1290 3972 1334 4017 nu
1357 3949 1636 4038 FLAXWELL]

588 4110 769 4198 Inquirioio
791 4114 888 4194 oapta
914 4111 1001 4193 apud
1024 4109 1147 4174 Sleiord
1169 4109 1222 4173 die
1245 4110 1338 4174 Lune
1360 4113 1506 4194 proximo
1527 4118 1606 4177 aute
1627 4113 1748 4177 festum
1770 4110 1883 4177 Sanoti
1899 4112 2047 4176 Barnabe

542 4218 627 4263 anno
642 4198 739 4282 regni
752 4200 838 4282 regis
853 4198 990 4262 Henrioi
1012 4199 1098 4261 sexti
1120 4202 1213 4261 sexto
1235 4217 1343 4261 eoram
1365 4196 1513 4264 Johanne
1535 4198 1624 4265 Leke
1646 4200 1687 4265 de
1709 4198 1895 4265 Grantham
1918 4205 1986 4281 (eto.
2009 4221 2047 4266 aa

543 4288 669 4371 lvere),
684 4306 742 4371 per
756 4292 996 4350 saoramentum
1011 4290 1072 4351 eto.
1089 4286 1146 4368 qui
1161 4284 1278 4349 dieunt
1292 4285 1377 4371 quod
1386 4310 1441 4350 ε-
1519 4338 1526 4349 .

587 4474 771 4538 willelmus
785 4472 931 4556 Philipp,
944 4473 1052 4552 miles,
1065 4475 1158 4537 tenet
1172 4474 1207 4537 iu
1223 4473 1311 4539 villis
1327 4475 1368 4538 de
1383 4447 1590 4542 Lassususn
1604 4478 1640 4539 et
1655 4475 1874 4542 Rssususrou
1890 4475 1954 4539 duo
1968 4474 1991 4541 f.
2002 4496 2046 4541 m.

541 4565 586 4713 hh
593 4561 778 4713 Wkuilllplmus
792 4559 1013 4645 Everingham
1034 4564 1128 4625 tenet
1150 4562 1187 4624 in
1211 4562 1328 4626 eadem
1342 4561 1421 4627 villa
1442 4562 1483 4626 de
1506 4563 1726 4630 Rsssssasou
1748 4569 1898 4651 quartem
1919 4566 2047 4646 partem

586 4785 728 4851 Thomas
743 4784 836 4867 Story
851 4788 944 4851 tenet
953 4787 994 4851 »in
1008 4786 1088 4852 villa
1103 4786 1143 4852 ds
1159 4787 1365 4859 Duasuosou
1380 4786 1425 4854 di.
1441 4787 1464 4853 f.
1481 4808 1525 4853 m.

586 4916 751 4985 Johauues
765 4916 902 5004 Heuage
917 4922 1012 4983 unet
1024 4918 1060 4981 in
1074 4919 1153 4983 villa
1167 4880 1206 4981 de
1223 4919 1386 4984 Buoxnsu
1401 4918 1445 4983 di.
1462 4918 1485 4983 f.
1503 4924 1538 4981 et
1552 4924 1702 5002 quartam
1719 4924 1845 5004 partem
1861 4937 1915 4984 un.
1931 4918 1954 4986 f.
1969 4918 2033 4984 mg

587 5052 701 5117 Simon
716 5052 849 5117 Lauudo
864 5058 958 5118 tenet
972 5057 1039 5118 tres
1053 5056 1162 5137 partes
1177 5071 1232 5121 un.
1248 5054 1271 5119 f.
1287 5054 1322 5116 in
1337 5054 1500 5122 Assuuas.

587 5190 770 5255 Willelmus
784 5189 939 5277 Phylipp‚
953 5190 1058 5272 miles,
1072 5195 1165 5255 tenet
1179 5194 1215 5256 in
1231 5160 1346 5258 Draus
1361 5213 1416 5256 un.
1435 5192 1457 5257 f.
1475 5213 1519 5256 m.

587 5326 763 5392 Eduardus
777 5326 819 5391 de
833 5327 954 5412 Tylton
970 5332 1062 5393 tenet
1076 5328 1112 5392 in
1127 5328 1241 5395 eadem
1257 5328 1302 5393 di.
1320 5328 1343 5393 f.
1360 5348 1405 5393 ιιι.

586 5462 728 5527 Thomas
743 5460 835 5547 Slory
850 5467 943 5528 tenet
957 5463 992 5527 in
1007 5464 1123 5529 eadem
1138 5464 1183 5529 di.
1200 5464 1223 5527 f.
1240 5484 1285 5528 m.

586 5593 770 5663 willelmus
786 5598 944 5667 Oranwell
960 5604 1053 5665 tenet
1069 5602 1104 5665 in
1121 5600 1306 5670 somnam
1322 5600 1367 5665 di.
1384 5598 1408 5666 t.
1425 5620 1469 5664 m.

585 5734 750 5801 Johannes
765 5734 895 5822 Spauby
910 5739 1003 5800 tenet
1017 5738 1063 5804 di.
1079 5736 1105 5805 f.
1121 5757 1166 5805 m.
1182 5738 1218 5801 in
1233 5736 1429 5803 Bmususus
1443 5739 1480 5799 et
1494 5734 1619 5800 Tuom.

586 5871 688 5938 Heres
703 5871 836 5938 Rioardi
852 5871 1062 5959 Goldeburg'h
1077 5879 1170 5940 tenet
1185 5880 1249 5937 tres
1265 5878 1374 5957 partes
1389 5892 1446 5937 uu.
1462 5836 1485 5939 t
1501 5873 1537 5934 iu
1553 5870 1761 5938 Hsuwoarrs.
1877 5926 1882 5933 .
1940 5925 1946 5932 .
