5000 7050
1091 1115 1173 1182 sl).
1198 1118 1295 1183 1346.

934 1403 974 1470 Is
996 1424 1094 1471 msso
1117 1425 1160 1470 os
1183 1402 1463 1473 EYLESFORD.

925 1594 1145 1660 Houoesoms
1167 1616 1211 1660 os
1233 1594 1462 1663 EYHORNE.

473 1758 524 1822 De
549 1758 730 1823 heredibus
754 1758 875 1823 Thome
900 1761 1097 1845 Malmayns,
1120 1764 1160 1827 de
1185 1764 1269 1841 Hoc,
1296 1769 1328 1827 et
1344 1762 1493 1827 Johanne
1509 1763 1548 1826 de
1564 1762 1725 1846 Stystede,
1741 1783 1797 1845 per
1811 1783 1943 1826 uxorem

432 1865 538 1925 sum,
562 1868 624 1930 pro
646 1848 699 1932 iij.
715 1849 886 1932 quarteriis
914 1850 939 1934 j.
955 1849 978 1915 f.
995 1870 1059 1933 que
1089 1851 1220 1916 suerum
1246 1851 1390 1915 Orcbilie
1405 1851 1445 1914 de
1459 1848 1647 1933 Meyhsme,
1662 1858 1695 1913 et
1716 1851 1865 1930 oliorum,
1881 1870 1945 1933 que

432 1932 601 1998 Johsrmes
615 1934 800 2019 Mslmsyns
813 1941 849 1999 st
863 1934 974 1999 Simon
998 1937 1039 2000 de
1054 1939 1183 2022 Moreys
1197 1944 1375 2003 tenuerunt
1400 1938 1434 2001 in
1461 1938 1666 2003 Hsssmrorr
1690 1938 1730 2001 de
1755 1940 1874 2002 comite
1899 1937 1941 2000 de

433 2020 540 2106 Augo,
556 2021 598 2086 de
611 2020 734 2085 honore
749 2023 789 2086 de
804 2021 957 2108 Hsgenet
1018 2064 1741 2077 --------
1829 2044 1903 2089 xxx.
1913 2047 1941 2091 s.

477 2157 528 2221 De
543 2158 566 2222 J
566 2157 693 2224 ohanne
705 2158 773 2223 filio
787 2160 946 2225 Johsnnis
960 2168 1015 2225 ote
1026 2161 1136 2226 Pende
1150 2183 1207 2245 pro
1221 2163 1268 2225 xl·
1289 2169 1381 2247 porte
1395 2163 1421 2248 j.
1434 2162 1458 2228 f.
1471 2183 1570 2246 quam
1582 2162 1747 2226 iohannes
1762 2167 1816 2225 ote
1831 2160 1941 2225 Pende

433 2246 547 2310 tenuit
562 2266 621 2330 pro
635 2247 706 2310 Ade
719 2247 760 2311 de
774 2246 962 2312 Rissheford
977 2250 1012 2312 in
1029 2250 1236 2316 Hsosceoss
1250 2251 1292 2313 de
1308 2252 1464 2336 magistro
1479 2250 1520 2314 de
1549 2248 1720 2334 Ospringe,
1749 2255 1784 2313 et
1809 2250 1881 2352 ipse
1903 2250 1944 2400 {ile

436 2352 513 2417 ¹⁸80

478 2470 529 2535 De
543 2471 678 2537 domine
692 2474 804 2556 regins
818 2474 937 2561 Anglie
952 2495 1010 2558 pro
1025 2475 1051 2561 j.
1067 2474 1091 2542 f.
1108 2477 1143 2540 in
1158 2475 1344 2543 Bsorrrmo
1360 2481 1395 2541 et
1412 2476 1526 2543 Lnoss
1541 2476 1580 2539 de
1596 2476 1727 2540 domina
1742 2496 1828 2563 rege.
1880 2562 1890 2626 l

1858 2584 1879 2626 x
1895 2585 1940 2629 .c.

480 2697 529 2761 De
556 2696 703 2763 Jobenne
725 2700 795 2763 filio
819 2699 994 2767 Laurencii
1018 2701 1059 2766 de
1086 2702 1284 2787 Hastynges,
1307 2704 1427 2767 comite
1452 2699 1677 2780 Pembrochie,
1704 2721 1762 2785 pro
1783 2702 1821 2788 ij.
1838 2700 1861 2767 f.
1878 2692 1941 2785 qoe

436 2783 570 2848 domine
583 2784 733 2851 Johanna
747 2788 789 2851 de
803 2787 944 2854 Velence
959 2789 1068 2853 tenuit
1082 2792 1118 2853 in
1133 2791 1279 2854 manerio
1294 2791 1334 2854 de
1354 2788 1483 2857 Somou
1500 2791 1539 2854 dc
1556 2810 1629 2875 rege
1727 2829 1738 2840 -
1826 2790 1890 2875 iiij.
1904 2790 1939 2854 li.

479 2920 531 2986 De
559 2922 733 3008 Redulpho
761 2924 802 2989 de
832 2924 951 2991 Sancto
980 2926 1167 3012 Leodegero
1197 2948 1255 3012 pro
1285 2926 1310 3014 j.
1341 2928 1365 2992 f.
1395 2930 1430 2990 in
1456 2927 1614 2995 Ohscorm
1640 2925 1681 2990 de
1704 2925 1942 3010 archiepiscopo

437 3006 664 3074 cantuariensi
741 3050 1769 3066 ...........
1856 3013 1939 3078 χιε,

477 3147 528 3212 De
553 3148 719 3214 Willelmo
741 3149 781 3214 de
808 3148 961 3234 Olynton,
984 3152 1103 3216 comite
1130 3151 1393 3237 Huniingdonie‚
1425 3155 1461 3215 et
1492 3149 1620 3235 Rogero
1656 3150 1698 3213 de
1735 3146 1940 3229 Northwode,

435 3235 553 3315 milite,
583 3257 641 3320 pro
669 3237 694 3323 j.
725 3237 749 3304 f.
781 3239 868 3322 quod
896 3238 1062 3303 Johsnnes
1090 3239 1132 3302 de
1162 3237 1382 3303 Norihewode
1412 3243 1447 3302 et
1478 3237 1662 3302 Willelmus
1698 3235 1739 3299 de
1769 3235 1941 3321 Leybume

435 3326 614 3388 tenuenmt
626 3325 662 3387 in
678 3326 930 3393 Hssmssnsrs
945 3332 981 3391 et
994 3324 1064 3394 Ess
1078 3326 1282 3393 Fmsoumm
1296 3326 1337 3390 de
1352 3346 1437 3412 rege,
1450 3331 1490 3389 ut
1503 3326 1543 3389 de
1559 3323 1679 3388 honore
1693 3324 1757 3405 (de)
1771 3323 1927 3477 peveiils

479 3551 527 3614 De
555 3549 684 3636 Rogero
712 3552 753 3616 de
781 3551 988 3634 Norchwode,
1019 3552 1139 3634 milite,
1170 3559 1206 3616 et
1235 3553 1431 3637 percenariis
1458 3552 1535 3630 suis,
1568 3571 1625 3635 pro
1653 3550 1678 3637 j.
1709 3551 1733 3614 f.
1764 3554 1800 3614 ei
1827 3551 1873 3615 di.
1903 3552 1938 3613 in

438 3637 803 3810 gigigm’pm-ON'
819 3645 854 3778 ei
867 3641 1118 3780 &uimque
1133 3640 1296 3781 {chaumes
1311 3639 1565 3779 (143.Νοήῖικνοᾰ<»ἶ
1589 3639 1699 3776 tescit
1723 3638 1767 3776 de
1792 3636 1940 3789 Golgidao

438 3861 526 4012 HDe
541 3861 690 4016 ]οὶὲαιιόο
703 3864 745 3926 de
759 3863 893 3947 Somery
908 3884 967 3948 pro
982 3865 1027 3930 di.
1044 3864 1068 3931 f.
1085 3865 1171 3949 quod
1186 3866 1275 3929 idem
1291 3862 1456 3929 Johennes
1472 3866 1563 3927 tenet
1578 3861 1613 3925 in
1630 3861 1883 3929 Hrcmrssms
1898 3861 1938 3926 de

471 3971 575 4036 ugone
612 3971 631 4014 e
674 3971 726 4014 res

478 4085 529 4152 De
552 4085 697 4149 Henrico
722 4085 764 4150 de
787 4085 975 4170 Chelphunt
998 4109 1056 4172 pro
1081 4091 1106 4175 j.
1133 4090 1159 4155 f.
1189 4089 1276 4172 quod
1306 4088 1406 4173 Hugo
1435 4087 1477 4151 de
1508 4085 1684 4152 Gerounde
1714 4087 1822 4149 tenuit
1850 4086 1937 4169 apud

437 4171 624 4240 Wmsrsos
639 4173 680 4237 de
695 4174 828 4237 domino
844 4195 922 4260 rege
1039 4211 1761 4229 --------
1850 4172 1895 4238 xl.
1909 4197 1935 4241 r.

478 4309 525 4372 Dc
550 4309 678 4395 Rogero
702 4310 743 4374 de
770 4309 990 4390 Northewode,
1017 4318 1050 4376 et
1073 4310 1198 4376 Thome
1222 4310 1263 4376 de
1290 4311 1458 4390 Brckhull‚
1475 4331 1533 4394 pro
1548 4311 1593 4375 di.
1609 4309 1632 4375 f.
1647 4310 1732 4394 quod
1748 4309 1935 4374 Willelmus

436 4394 585 4480 Payfrere
600 4400 709 4462 tenuit
724 4397 812 4480 apud
826 4399 878 4464 Ire
894 4399 986 4465 Zorm
1000 4400 1035 4462 in
1050 4401 1114 4463 isto
1129 4399 1308 4479 hundredo,
1324 4406 1359 4463 ei
1373 4399 1637 4466 Lummcssrorr
1653 4397 1688 4460 in
1704 4396 1872 4461 hundredo
1896 4397 1938 4462 de

436 4483 564 4563 Aestas,
580 4484 615 4547 in
630 4485 713 4549 lesio
727 4485 767 4549 de
782 4483 914 4566 Sotion,
928 4487 969 4550 de
984 4485 1105 4550 honore
1121 4487 1163 4551 de
1179 4487 1284 4552 Ledes
1340 4524 1755 4538 ·····
1844 4506 1897 4550 xx.
1908 4508 1934 4551 s.

477 4621 527 4688 De
541 4623 655 4687 eodem
670 4622 796 4708 Rogero
811 4643 869 4707 pro
883 4622 907 4710 j.
923 4623 946 4686 f.
962 4626 1049 4708 apud
1064 4627 1289 4704 wistremiro,
1306 4624 1393 4707 quod
1408 4623 1575 4706 predictus
1586 4622 1769 4686 Willelmus
1784 4623 1938 4707 Psyfrere

436 4711 542 4774 tenuit
556 4710 643 4794 apud
658 4711 896 4778 Wscnsmsos
911 4732 985 4774 cum
1000 4713 1089 4779 Eser
1108 4713 1253 4791 Snssvs,
1268 4712 1308 4775 de
1323 4710 1443 4775 honore
1458 4710 1498 4773 de
1515 4709 1649 4773 Peverel
1752 4749 1763 4761 -
1852 4710 1895 4776 xl.
1909 4733 1936 4777 o.

476 4848 525 4912 De
539 4847 689 4913 Johonnc
704 4848 745 4911 de
760 4847 894 4931 Somery
911 4869 967 4931 pro
982 4849 1006 4934 ]’.
1023 4850 1186 4933 quarterio
1201 4849 1226 4935 j.
1243 4849 1267 4914 f.
1284 4848 1370 4933 quod
1385 4848 1473 4912 idem
1488 4845 1656 4912 Johannes
1671 4846 1711 4910 de
1735 4845 1883 4933 Somery,
1896 4847 1937 4912 de
1963 4827 1968 4838 ⁶

435 4932 573 5014 Bokton,
587 4936 762 5020 predictus,
776 4937 886 5000 tenuit
901 4937 937 4999 in
953 4936 1087 5003 Bomos
1102 4938 1143 5000 de
1158 4957 1233 5023 rege
1257 4973 1777 4988 ------
1866 4956 1897 5000 x.
1908 4959 1935 5002 ε.

476 5073 524 5137 De
538 5072 665 5137 Thomu
680 5073 721 5136 de
737 5073 826 5136 Deen
841 5093 899 5156 pro
913 5074 939 5158 j.
955 5075 979 5137 f.
995 5076 1031 5137 in
1046 5075 1180 5142 Bomos
1196 5082 1229 5138 et
1244 5075 1495 5153 Wosrsmsnum,
1512 5070 1598 5158 quod
1613 5071 1720 5134 Homo
1746 5071 1787 5135 de
1811 5071 1936 5134 Gatton

437 5163 539 5224 tenuit
553 5160 678 5224 ibidem
693 5160 735 5223 de
749 5161 881 5224 domino
895 5182 971 5246 rege
1042 5201 1053 5212 -
1143 5202 1155 5213 -
1245 5201 1256 5213 -
1347 5201 1358 5212 -
1449 5200 1459 5211 -
1550 5197 1561 5210 -
1651 5197 1662 5209 ·
1753 5159 1765 5210 ἑ
1853 5158 1935 5224 xl.e.

477 5297 524 5362 De
539 5297 666 5384 Rogero
681 5296 722 5359 de
737 5295 952 5361 Northewode
967 5319 1025 5381 pro
1039 5298 1064 5383 j.
1080 5299 1243 5383 quarterio
1257 5298 1282 5385 j.
1299 5298 1323 5363 f.
1340 5298 1425 5382 quod
1440 5295 1624 5360 Willelmus
1650 5294 1802 5378 Payfrere
1825 5296 1938 5360 tenuit

436 5383 469 5447 in
492 5386 740 5454 Panormos
766 5385 807 5448 ds
832 5385 977 5449 Orabilis
999 5386 1041 5449 de
1067 5384 1289 5470 Msyhomme,
1315 5392 1349 5450 et
1373 5386 1445 5469 ipse
1468 5384 1509 5447 de
1524 5384 1643 5447 comite
1666 5382 1706 5446 de
1722 5384 1827 5468 Augo,
1844 5383 1937 5447 uide

435 5490 505 5557 rege
540 5508 1778 5526 .............
1866 5490 1934 5536 Μ,

472 5613 517 5677 De
531 5611 687 5677 Johcnne
702 5610 745 5673 de
760 5607 855 5694 Cryel
869 5630 927 5694 pro
940 5611 965 5695 j.
982 5610 1006 5674 f.
1023 5611 1074 5696 iij.
1091 5585 1264 5694 qoarteriis
1279 5611 1304 5697 j.
1321 5611 1344 5676 f.
1362 5630 1426 5694 que
1442 5607 1618 5673 Nicholaus
1643 5607 1685 5672 de
1712 5606 1806 5692 Cryel
1827 5609 1938 5672 tenuit

433 5720 499 5764 cum
515 5701 672 5766 membris
687 5698 775 5781 apud
793 5698 989 5765 §somnes
1003 5699 1045 5762 de
1059 5699 1191 5762 domino
1207 5719 1282 5784 rege
1329 5734 1746 5748 -----
1834 5693 1934 5760 lxm.

469 5841 511 5905 Er
532 5863 596 5906 non
623 5838 683 5904 hic
709 5835 851 5900 reddunt
872 5833 943 5924 [de]
964 5836 989 5923 j.
1015 5838 1179 5920 quarterio
1193 5838 1217 5923 j.
1233 5837 1256 5899 i.
1276 5835 1385 5920 (quod)
1403 5839 1556 5898 oneratur
1578 5852 1675 5916 super
1695 5830 1880 5896 „iohannem
1895 5829 1936 5896 de

432 5925 648 6012 Northewode,
666 5924 827 6003 militem,
841 5924 876 5986 in
892 5923 1062 5988 hundredo
1076 5924 1116 5988 de
1131 5924 1257 6008 Lytele‚
1274 5927 1309 5987 in
1324 5923 1408 5986 laeto
1422 5921 1462 5984 de
1478 5921 1609 5986 Sotion.
