5000 7050
1167 1030 1387 1099 NORFOLK.

1077 1324 1274 1389 Daennnnns
1296 1343 1340 1387 nn
1363 1322 1494 1390 HOLT.

577 1507 754 1592 Inquisieio
779 1515 873 1594 capta
899 1513 984 1595 apud
1010 1511 1091 1575 Holt
1117 1512 1170 1575 die
1196 1511 1288 1576 Lune
1318 1511 1466 1595 proxima
1496 1515 1569 1594 post
1598 1509 1720 1574 festum
1746 1508 1858 1573 Sancti
1888 1505 2040 1570 Barnabe

532 1597 671 1677 apostoli
695 1616 781 1661 anno
806 1598 897 1682 regni
922 1600 1008 1684 regia
1034 1599 1168 1663 Henriei
1192 1601 1276 1662 sexti
1303 1603 1377 1683 poat
1399 1604 1613 1682 conquestum
1640 1603 1729 1662 sexto
1754 1617 1861 1662 eoram
1877 1592 2040 1658 Nieholao

533 1681 666 1760 castell,
679 1682 828 1749 Johanna
843 1685 986 1769 Lynford
1000 1692 1036 1750 et
1050 1686 1145 1751 aoeiia
1159 1687 1226 1750 anis
1240 1685 1468 1751 collectoribus
1482 1683 1540 1751 &a
1559 1690 1607 1765 (aa
1622 1686 1750 1769 before).

576 1869 616 1932 In
638 1870 729 1934 nulla
753 1868 905 1955 parochia
930 1872 1112 1956 anbanripta
1136 1872 1221 1936 intra
1247 1872 1442 1936 decanatum
1470 1873 1509 1936 de
1535 1872 1618 1938 Holt
1639 1874 1674 1935 in
1700 1872 1862 1935 comitatu
1891 1868 2041 1954 predicto

446 1981 449 1988 ·
532 1956 683 2021 videlieet
697 1959 733 2022 in
748 1957 907 2042 parochiis
921 1959 962 2022 de
988 1961 1145 2027 Blmnn
1171 1966 1206 2024 et
1228 1961 1362 2039 Bnnnn,
1379 1967 1455 2025 aunt
1480 1961 1593 2024 decem
1617 1958 1842 2023 inhabitantes
1869 1957 2041 2021 domicilia

533 2050 691 2112 tenentes.
735 2045 776 2109 In
791 2047 884 2132 enjus
898 2045 956 2118 ize.

1032 2390 1228 2456 Dneinanna
1251 2411 1295 2456 nn
1319 2388 1578 2458 TAVERHAM.

571 2573 748 2658 inquiaieio
763 2581 858 2659 eapta
873 2576 960 2660 apud
974 2575 1157 2664 Attilbrigg
1171 2577 1225 2642 die
1240 2577 1357 2642 Martia
1371 2578 1518 2661 proxima
1533 2581 1607 2662 post
1621 2578 1744 2641 fastum
1760 2576 1871 2640 Sancti
1888 2575 2039 2640 Barnabe

527 2662 665 2743 apostoli
688 2682 773 2725 anno
799 2665 891 2746 regni
915 2665 1001 2750 regia
1016 2663 1149 2728 Hanriei
1176 2666 1261 2729 aexti
1286 2671 1360 2748 post
1384 2673 1600 2749 conquestum
1626 2671 1717 2728 aexto
1743 2684 1848 2728 eoram
1876 2662 2039 2726 Nicholao

528 2747 660 2826 Castall,
673 2749 696 2812 J
696 2748 821 2814 ohanne
835 2751 979 2835 Lynford
994 2758 1030 2814 et
1045 2752 1145 2819 aoeiie¹
1154 2754 1221 2816 auia
1235 2753 1460 2817 eollaetoribua
1476 2751 1534 2817 no.
1553 2757 1602 2832 (aa
1616 2753 1744 2836 before).

572 2938 613 3001 In
628 2939 719 3002 nulla
733 2937 886 3022 parochia
901 2939 1084 3024 subscripta
1099 2941 1185 3005 infra
1199 2940 1395 3006 decanatum
1411 2941 1451 3005 de
1466 2939 1645 3006 'l'avarham
1661 2942 1695 3005 in
1711 2939 1871 3004 eomitatu
1886 2938 2039 3022 predicto

528 3023 680 3089 videlieet
702 3026 737 3088 in
761 3024 912 3108 parochia
932 3025 973 3091 de
997 3028 1201 3094 Rannnma
1227 3028 1368 3108 Mne01n,
1384 3034 1462 3093 sunt
1485 3028 1597 3094 danem
1620 3027 1842 3092 inhabitantes
1865 3024 2038 3090 domicilia

529 3116 687 3178 tenentos.
734 3111 774 3176 In
789 3114 882 3198 enjus
896 3111 954 3179 ine.
