5000 7050
567 1070 632 1134 286
1223 1070 1433 1140 LINGOLN.

569 1447 584 1508 t
612 1355 635 1420 J
635 1357 776 1508 olpannes
790 1359 1016 1426 Meounceoux
1030 1364 1123 1426 tenet
1137 1361 1184 1426 di.
1200 1362 1224 1426 f.
1238 1363 1274 1426 in
1290 1360 1436 1442 operm,
1451 1362 1538 1448 quod
1563 1360 1680 1426 limma
1702 1360 1744 1425 de
1771 1359 1886 1426 Nevile
1909 1357 2074 1445 quondam

586 1463 664 1508 enur
681 1491 690 1508 .

613 1576 962 1730 Riffiupfflfloplbeme
976 1584 1068 1645 tenet
1083 1603 1114 1648 v.
1131 1585 1259 1666 portem
1270 1581 1297 1666 j.
1308 1581 1333 1648 f.
1345 1584 1381 1646 in
1390 1583 1684 1667 Yomnonp,quam
1699 1579 1881 1643 Willelmus
1895 1576 2073 1640 Hallberne

570 1684 657 1749 quon
806 1687 839 1730 ιιι
859 1717 868 1732 .

506 1875 511 1888 ⁸
569 1796 729 1950 ligem
755 1799 796 1863 de
810 1799 967 1880 Gordino,
983 1801 1167 1867 Willelmus
1181 1803 1333 1867 Tannour
1355 1807 1389 1868 et
1414 1805 1501 1888 prior
1526 1804 1567 1868 de
1593 1803 1684 1867 Novo
1708 1803 1792 1866 Loco
1816 1803 1932 1866 tenent
1957 1798 1980 1882 j.
1996 1796 2021 1862 f.
2035 1797 2072 1858 in

639 1905 777 1953 sosrow.

568 2106 584 2167 t
611 2015 704 2167 Pripr
717 2016 758 2080 de
772 2017 865 2083 Novo
879 2018 964 2082 Loco
980 2023 1075 2083 tenet
1089 2021 1135 2085 di.
1150 2018 1174 2084 f.
1189 2021 1224 2083 in
1239 2020 1352 2084 eadem
1367 2020 1455 2100 ville,
1470 2022 1557 2107 quod
1581 2019 1738 2084 Rioerdus
1765 2017 1881 2101 Boysel
1906 2013 2072 2102 quondam

586 2122 691 2169 enur.

613 2241 777 2309 Walterus
791 2241 959 2307 Wildelrer
973 2249 1067 2308 tenet
1081 2247 1125 2310 ix.
1142 2250 1248 2329 portes
1263 2245 1309 2310 di.
1326 2245 1349 2310 f.
1366 2246 1401 2308 in
1416 2245 1615 2312 Mermeros.

611 2377 633 2442 J
634 2380 775 2443 ohannes
789 2380 830 2442 de
845 2381 878 2443 lo
892 2379 1013 2458 Grave,
1026 2380 1067 2445 de
1082 2382 1211 2461 Holme,
1225 2388 1316 2448 tenet
1330 2382 1380 2467 iij.
1397 2387 1506 2467 portes
1516 2382 1544 2467 j.
1561 2383 1584 2446 f.
1601 2383 1637 2446 in
1653 2382 1767 2459 Honor,
1781 2378 1868 2463 quod
1884 2374 2072 2441 Willelmus

569 2466 610 2529 de
627 2466 728 2530 Holm
742 2467 904 2550 quondam
920 2470 1039 2534 tenuit.

481 2619 491 2632 ⁸
611 2599 705 2663 Prior
726 2601 767 2664 de
789 2601 988 2667 Thornholm
1013 2608 1107 2669 tenet
1131 2603 1194 2688 iiij.
1209 2608 1337 2687 portem
1359 2603 1386 2688 j.
1401 2605 1425 2670 f.
1441 2605 1476 2667 in
1494 2598 2016 2687 Rrvssrnoso‚quam1roberrus
2031 2595 2073 2660 de

568 2687 684 2750 eedem
699 2689 862 2773 quondam
876 2691 997 2756 tenuit.

612 2825 741 2910 Agneta
754 2827 796 2890 dc
811 2826 956 2895 Woloote
971 2831 1064 2893 tenet
1078 2829 1140 2913 iiij.
1154 2833 1281 2912 partem
1292 2828 1319 2912 j.
1335 2828 1358 2892 f.
1373 2829 1408 2891 in
1423 2829 1600 2896 Wmors.

937 3085 1067 3174 [Prone
1088 3086 1435 3176 DUN]0LMENSIS
1459 3083 1714 3174 [EPISGOPH.

611 3240 776 3305 Johonnes
799 3240 840 3304 de
865 3241 993 3306 Bredon
1019 3246 1111 3307 tenet
1125 3243 1195 3328 viij.
1212 3248 1336 3326 portem
1359 3249 1394 3308 et
1416 3243 1460 3308 lx.
1475 3247 1603 3327 partem
1629 3243 1652 3326 j.
1670 3242 1693 3308 f.
1710 3243 1745 3305 in
1762 3241 1980 3319 Kermoros,
1994 3261 2074 3326 ques

567 3326 730 3392 Johennes
745 3328 882 3393 Gobaud
897 3335 932 3393 et
945 3329 1107 3394 Henrious
1121 3330 1228 3414 Bayus
1243 3330 1407 3417 quondam
1422 3337 1611 3397 tenuerunt.

612 3465 705 3532 Prior
720 3467 761 3532 de
777 3466 1007 3555 Halvynghem
1022 3473 1114 3535 tenet
1129 3470 1174 3535 di.
1191 3469 1214 3536 f.
1231 3469 1271 3533 de
1286 3469 1444 3553 predictis
1458 3468 1615 3553 partibus.

612 3605 718 3670 Abbss
732 3606 773 3671 de
787 3606 943 3672 Kirksted
957 3612 1051 3672 tenet
1064 3608 1108 3673 lx.
1124 3612 1216 3692 perte
1229 3608 1374 3691 predicti
1389 3607 1414 3674 f.
1429 3612 1566 3692 excepta
1580 3622 1668 3671 noco.
1687 3610 1817 3690 (parte).

610 3743 705 3808 Prior
718 3743 945 3830 Dalvynghom
964 3748 1026 3825 (ie.
1042 3747 1083 3810 de
1097 3745 1315 3831 Alvyngham)
1333 3750 1425 3809 tenet
1440 3744 1486 3809 di.
1502 3742 1526 3810 f.
1542 3744 1681 3829 predicti
1695 3743 1720 3810 f.
1734 3745 1770 3807 in
1784 3742 1907 3807 eadem.

613 3882 719 3947 Abbes
733 3883 775 3947 de
790 3882 893 3948 Parco
907 3883 1000 3948 Lude
1015 3888 1107 3949 tenet
1122 3882 1187 3967 xvj.
1201 3890 1329 3967 partem
1344 3882 1484 3967 predicti
1499 3884 1522 3947 f.
1628 3848 1633 3859 ¹

613 4019 775 4085 Dominus
788 4041 843 4085 rex
858 4024 950 4085 tenet
963 4019 1064 4104 xxxij.
1079 4024 1208 4103 portem
1222 4020 1360 4105 predicti
1375 4020 1400 4087 f.

612 4153 778 4220 lohannes
792 4156 834 4219 de
847 4156 1004 4242 Wilugby
1019 4161 1112 4222 tenet
1120 4156 1151 4240 j.
1166 4159 1193 4224 f.
1220 4178 1242 4221 n
1258 4157 1419 4225 smum
1433 4160 1468 4220 et
1495 4155 1687 4231 Orsoorrss,
1702 4148 1789 4236 quod
1810 4146 1976 4211 lohannes
2001 4139 2070 4206 Bek

571 4244 738 4329 quondam
752 4245 874 4309 tenuit.

611 4380 795 4466 Hospitalis
809 4380 1025 4465 leprosorum
1037 4386 1129 4446 extro
1143 4380 1350 4446 Lincolnism
1364 4383 1458 4443 tenet
1472 4375 1533 4461 iiij.
1548 4380 1676 4461 portem
1686 4372 1713 4459 j.
1723 4373 1748 4439 f.
1759 4374 1795 4436 in
1810 4368 1964 4457 predictis
1973 4366 2071 4433 villis.

612 4518 704 4583 Prior
729 4519 770 4583 de
798 4518 985 4605 Bolyngton
1010 4525 1102 4584 tenet
1132 4518 1193 4604 iiij.
1219 4523 1346 4603 partem
1373 4518 1400 4603 j.
1424 4516 1448 4582 f.
1474 4518 1510 4580 in
1540 4512 1695 4598 predictis
1717 4510 1816 4591 villis,
1846 4527 1944 4596 quom
1974 4506 2072 4590 Hugo

571 4605 768 4671 Hermenter
782 4606 945 4693 quondam
960 4608 1080 4673 tenuit.

614 4744 721 4808 Abbos
735 4744 777 4808 de
792 4743 949 4809 Kirksted
963 4749 1055 4809 tenet
1068 4745 1131 4829 iiij.
1147 4747 1276 4829 partem
1291 4742 1373 4807 dicti
1386 4743 1410 4807 f.
1425 4743 1461 4804 in
1475 4740 1599 4805 eisdem
1613 4736 1711 4801 villis.

615 4881 707 4945 Prior
720 4880 839 4946 Sancte
854 4882 1012 4947 Koterine
1026 4886 1120 4946 extro
1135 4882 1344 4946 Lincolniem·
1356 4884 1449 4942 tenet
1463 4877 1526 4961 iiij.
1542 4879 1670 4959 portem
1684 4872 1708 4956 1'.
1723 4870 1748 4934 i.
1758 4872 1793 4933 in
1807 4866 1962 4952 predictis
1977 4865 2076 4943 villis,

573 4971 660 5057 quod
674 4969 783 5033 dictus
796 4969 896 5057 Hugo
910 4970 1076 5057 quondam
1091 4970 1212 5035 tenuit.

572 5109 781 5262 t'erlolporrnes
804 5109 846 5173 de
874 5109 1004 5195 Wiluby
1026 5115 1117 5174 tenet
1136 5108 1163 5194 j.
1179 5108 1203 5175 f.
1227 5109 1263 5171 in
1291 5106 1493 5182 Ριιιειιιιιιιιι,
1519 5100 1605 5187 quod
1630 5097 1795 5161 Johcnnes
1818 5092 1887 5157 Bel(
1912 5092 2075 5179 quondam

606 5218 665 5261 ιιιιι
682 5247 690 5263 .

617 5335 716 5420 Hugo
730 5334 843 5418 Grescy
857 5339 951 5398 tenet
965 5335 1011 5399 di.
1026 5334 1051 5399 f.
1067 5335 1104 5397 in
1118 5334 1240 5411 dem,
1256 5328 1343 5417 quod
1356 5326 1379 5393 J
1379 5326 1522 5393 ohannes
1536 5324 1575 5389 de
1590 5321 1717 5385 Panton
1732 5319 1896 5406 quondam
1910 5320 2033 5384 tenuit.

617 5469 793 5552 Johennes,
809 5472 897 5535 filius
918 5476 954 5535 et
978 5470 1072 5534 heres
1085 5470 1156 5535 Ade
1177 5471 1218 5534 de
1234 5468 1353 5547 welle,
1369 5469 1463 5530 tenet
1480 5463 1507 5550 j.
1523 5462 1546 5529 f.
1563 5463 1599 5526 in
1614 5462 1821 5527 anrnone
1835 5464 1872 5523 et
1885 5458 1977 5536 olibi,
1990 5457 2077 5542 quod

575 5560 735 5625 Robertus
748 5560 790 5623 de
803 5558 909 5624 Welle
922 5558 1085 5643 quondam
1100 5558 1221 5623 tenuit.

617 5697 710 5761 Prior
724 5697 766 5760 de
779 5694 966 5781 Bolyngton
980 5698 1074 5759 tenet
1083 5694 1113 5780 j.
1122 5695 1147 5760 f.
1158 5696 1194 5758 in
1209 5693 1365 5771 Herrwnr,
1377 5689 1464 5775 quod
1479 5687 1593 5753 Simon
1607 5685 1649 5751 de
1665 5683 1765 5748 Kime
1778 5680 1941 5767 quondam
1954 5682 2078 5747 tenuit.
2170 5764 2178 5779 .

616 5834 781 5900 Johannce
796 5834 838 5898 de
852 5832 1014 5897 Kirketon
1030 5837 1123 5898 tenet
1144 5828 1240 5921 [trie]
1260 5830 1285 5897 f.
1301 5832 1337 5895 in
1353 5829 1468 5896 Τιιοιιι
1483 5827 1614 5894 Κιιιιιιιι
1628 5828 1662 5890 et
1676 5821 1768 5901 alibi,
1782 5839 1846 5905 que
1861 5820 2021 5886 Robertus
2037 5820 2078 5884 de

573 5921 732 5989 Prternll
744 5922 909 6008 quondam
922 5919 1045 5989 tenuit.
