5000 7050
562 1087 603 1153 76
1260 1085 1391 1157 ΚΕΝΤ.

608 1415 1443 1437 ................
1468 1372 1533 1434 suit
1561 1372 1689 1436 seisitus
1717 1373 1753 1434 in
1782 1373 1879 1435 certis
1910 1373 2000 1435 terris
2036 1378 2075 1435 et

562 1459 757 1521 tenementis
785 1459 819 1519 in
851 1455 1020 1523 hundredo
1049 1460 1090 1521 de
1121 1458 1305 1543 Wyngham
1335 1460 1491 1542 predicte,
1519 1460 1605 1544 quod
1643 1464 1774 1523 tenetur
1802 1480 1861 1543 per
1893 1450 2096 1523 servicium

562 1566 618 1611 un.
636 1546 793 1628 quarterii
808 1566 864 1607 un.
880 1547 902 1609 f.
919 1567 964 1611 m.
982 1547 1016 1609 in
1033 1546 1177 1615 Lame.

605 1684 788 1749 Willelmus
804 1686 973 1770 Septvans‚
989 1687 1139 1769 armiger,
1156 1688 1196 1750 de
1211 1688 1311 1750 Esshe
1326 1688 1471 1771 predicta
1487 1688 1551 1751 fuit
1567 1688 1696 1751 seisitus
1712 1690 1774 1751 etc.
1791 1688 1826 1749 in
1854 1687 1950 1749 certis
1972 1686 2073 1748 terris

560 1779 594 1835 et
618 1776 815 1843 tenementis
839 1776 874 1838 in
899 1773 1066 1841 hundredo
1090 1776 1131 1837 de
1157 1773 1342 1858 Wyngham
1368 1775 1512 1858 predicto
1542 1796 1606 1858 que
1630 1779 1781 1839 tenentur
1810 1796 1866 1858 per
1894 1775 2070 1839 servicium

568 1856 654 1945 [un]
677 1860 700 1925 f.
718 1881 762 1924 m.
778 1863 897 1945 integri
913 1863 944 1925 in
961 1862 1206 1931 Wsnnnssson.

605 1996 768 2062 Johannes
792 2000 950 2079 Gustone,
977 2001 1016 2064 de
1040 2000 1143 2064 Esshe
1168 2002 1323 2085 predicta,
1348 2002 1548 2087 gentyiman‚
1574 2002 1608 2063 in
1632 2002 1791 2063 comitatu
1817 1999 1974 2083 predicto,
1999 2000 2070 2063 tuit

561 2087 693 2149 seisitus
706 2092 757 2149 etc
758 2134 1100 2153 .......
1124 2090 1210 2172 quod
1226 2094 1358 2153 tenetur
1372 2110 1430 2173 per
1446 2091 1617 2153 servicium
1643 2088 1831 2152 medietatis
1857 2107 1912 2150 un.
1929 2088 1953 2152 f.
1968 2109 2012 2150 m.
2029 2089 2068 2149 in

561 2174 676 2241 Essnn
690 2174 845 2257 predicto,
860 2176 895 2237 in
911 2175 1078 2239 hundredo
1093 2176 1134 2241 de
1149 2177 1335 2261 Wyngham
1351 2178 1506 2259 predicto.

605 2313 784 2375 Willelmus
799 2313 879 2397 Lyle
903 2360 1296 2380 ........
1320 2316 1359 2379 de
1374 2316 1532 2379 comitatu
1548 2314 1687 2393 Essene,
1704 2314 1768 2375 fuit
1792 2312 1922 2377 seisitus
1946 2319 2008 2378 etc.
2024 2313 2067 2376 de

562 2401 761 2467 Gesnuannn
790 2402 824 2462 in
855 2402 1021 2464 hundredo
1052 2402 1092 2465 de
1124 2401 1308 2489 Wyngham
1339 2403 1495 2487 predicto,
1524 2402 1609 2487 quod
1640 2406 1770 2465 tenetur
1800 2422 1855 2485 per
1893 2400 2067 2464 servicium

487 2508 491 2515 ·
561 2489 745 2551 medietatis
763 2510 817 2553 un.
834 2488 858 2552 f.
881 2485 940 2575 [m.
956 2486 1104 2576 integri]

604 2624 767 2690 (iohannes
807 2625 994 2709 Fynesusha
1028 2630 1154 2706 (rectior
1192 2628 1353 2713 Fyneux),
1391 2630 1432 2692 de
1466 2628 1626 2714 Retlynge
1663 2630 1698 2690 in
1735 2628 1894 2691 comitatu
1931 2626 2068 2703 Kancie,

559 2714 761 2798 gentylman,
774 2715 840 2777 fuit
854 2716 982 2777 scisitus
998 2723 1059 2779 etc.
1072 2716 1111 2778 de
1126 2717 1307 2783 Ramnes
1332 2765 1783 2781 .........
1806 2715 1961 2799 predicto,
1977 2715 2062 2797 quod

561 2810 692 2865 tenetur
706 2822 762 2885 per
777 2804 948 2865 servicium
964 2805 1065 2866 trium
1081 2804 1224 2885 partium
1238 2826 1294 2870 un.
1311 2804 1334 2869 f.
1352 2826 1395 2869 m.
1413 2806 1449 2867 in
1464 2804 1655 2870 Barsines.

602 2938 870 3003 JacobusHull.
917 2990 925 3005 .
974 2990 981 3004 .
1029 2928 1065 3004 .’
1085 2990 1475 3009 ........
1499 2942 1709 3005 fuitseisitus
1725 2944 1787 3005 etc.
1805 2941 1845 3003 de
1861 2940 1958 3003 certis
1974 2940 2064 3003 terris

561 3028 811 3198 {tlatffissnff
834 3029 870 3089 in
893 3027 1059 3091 hundredo
1074 3029 1115 3091 de
1130 3029 1313 3113 Wyngham
1330 3030 1483 3113 predicto,
1498 3050 1560 3114 que
1579 3034 1731 3092 tenentur
1747 3048 1804 3112 per
1819 3029 1991 3091 servicium
2007 3047 2062 3090 un.

605 3300 947 3317 .......
983 3302 1001 3335 ,.
1049 3303 1056 3318 .
1104 3303 1112 3317 .
1160 3304 1168 3319 .
1215 3304 1223 3319 .
1270 3304 1277 3319 .
1326 3256 1396 3319 .de
1421 3256 1578 3318 comitatu
1604 3254 1757 3338 predicto,
1783 3252 1982 3339 gentylman‚
2000 3252 2064 3315 fuit

560 3340 689 3402 scisitus
704 3346 765 3403 etc.
781 3340 816 3401 in
832 3340 967 3404 diversis
982 3342 1075 3405 terris
1090 3347 1124 3405 et
1139 3343 1335 3405 tenementis
1350 3344 1385 3405 in
1401 3341 1568 3405 hundredo
1582 3342 1730 3424 predicto
1776 3387 2063 3405 ......

568 3424 647 3514 [que
661 3432 816 3491 tenentur
830 3448 888 3511 per
904 3429 1076 3491 servicium
1102 3478 1109 3493 .
1158 3479 1165 3493 .
1215 3479 1222 3494 .
1246 3426 1286 3517 i]
1309 3450 1352 3495 m.
1368 3431 1403 3493 in
1427 3478 1766 3495 .......

604 3566 646 3630 Et
663 3566 801 3631 ulterius
816 3567 930 3631 dicunt
945 3568 1050 3650 quoad
1066 3568 1123 3632 illa
1139 3570 1379 3655 quinquaginta
1393 3569 1484 3634 feoda
1499 3569 1645 3633 militum
1664 3574 1732 3646 (eto.
1749 3591 1785 3633 os
1802 3568 1928 3650 before).

605 3753 887 3770 ......
910 3705 1081 3786 Notebem‚
1120 3706 1161 3770 de
1192 3705 1294 3770 Esshe
1323 3708 1476 3790 predicta,
1505 3707 1707 3792 gentylman‚
1737 3704 1801 3770 fuit
1833 3705 1963 3768 scisitus
2002 3707 2063 3768 etc.

563 3840 1528 3872 ...................
1545 3815 1607 3878 que
1623 3799 1775 3858 tenentur
1790 3795 1823 3856 in
1849 3789 2063 3876 gavylkende,

560 3885 592 3940 et
621 3879 729 3942 velent
754 3885 817 3944 etc.
843 3883 919 3946 xta.
966 3879 1009 3942 Et
1036 3882 1128 3962 plura
1153 3882 1252 3946 hebet
1279 3887 1378 3946 terras
1404 3889 1439 3946 et
1462 3887 1653 3946 tenemento
1675 3882 1710 3944 in
1735 3881 1896 3946 comitatu
1919 3879 2064 3964 predicto

566 3963 719 4053 [quorum
734 3963 892 4053 valorem]
912 3968 1052 4050 predicti
1063 3969 1226 4052 juratores
1241 3970 1403 4054 ignorent.

599 4103 741 4167 Thomas
764 4104 918 4188 [everyk‚
942 4106 983 4168 de
1010 4106 1188 4183 Sandwico‚
1202 4107 1406 4192 geutyimsn,
1423 4111 1502 4172 tunc
1518 4107 1672 4190 temporis
1688 4107 1753 4168 fuit
1768 4105 1898 4168 scisitus
1914 4105 1949 4166 in
1965 4103 2063 4167 certis

556 4193 652 4255 terris
667 4200 702 4255 et
716 4193 914 4256 tenementis
929 4195 964 4256 in
980 4191 1149 4258 hundredo
1163 4195 1322 4278 predicto,
1338 4215 1400 4278 que
1416 4201 1571 4259 tenentur
1594 4197 1629 4257 iu
1651 4192 1869 4279 gevylkende,
1893 4197 1928 4256 et
1955 4190 2065 4254 valent

557 4286 618 4344 etc.
645 4278 747 4365 viiii.
791 4281 836 4342 Et
862 4279 956 4362 plura
981 4281 1079 4345 hebet
1109 4289 1209 4346 terras
1238 4289 1272 4346 et
1303 4289 1503 4361 tenementa,
1533 4284 1568 4346 in
1597 4283 1758 4346 comitatu
1787 4281 1946 4364 predicto,
1975 4277 2063 4341 unde

560 4367 700 4430 valorem
715 4367 797 4430 dieti
812 4367 972 4450 juratores
986 4370 1152 4454 ignorant.

602 4506 764 4571 Johannes
788 4555 1020 4571 .....
1044 4506 1085 4569 de
1110 4555 1372 4588 ......
1388 4509 1589 4594 gentylman,
1607 4507 1674 4570 fuit
1689 4507 1819 4570 seisitus
1833 4509 1898 4568 eto.
1912 4503 1952 4568 de
1968 4502 2064 4566 centis

556 4593 652 4656 terris
674 4600 707 4657 et
732 4597 929 4656 tenementis
952 4597 987 4656 in
1013 4594 1181 4659 hundredo
1205 4597 1246 4661 de
1272 4595 1431 4681 Blengate
1458 4599 1527 4676 (sio)
1561 4607 1595 4658 et
1625 4594 1781 4657 Prestone
1812 4591 1972 4676 predicto,
1997 4609 2062 4672 qne

558 4687 713 4745 tenentur
738 4683 774 4744 in
804 4679 1016 4766 gevylkends,
1048 4689 1084 4746 et
1115 4683 1223 4748 valent
1247 4689 1301 4748 etc
1304 4733 1534 4750 .....
1580 4682 1625 4746 Et
1655 4682 1749 4765 plurs
1778 4679 1877 4746 hebet
1907 4685 2007 4744 terras
2028 4681 2065 4741 et

560 4775 748 4836 tenementa
762 4773 797 4832 in
812 4770 972 4833 comitatu
986 4769 1146 4852 predicte,
1163 4771 1249 4836 unde
1264 4773 1409 4836 valorem
1425 4771 1507 4834 dicti
1517 4771 1680 4854 juratores
1695 4770 1861 4854 ignorent.

603 4907 752 4987 Isabelle,
783 4928 888 4991 nuper
917 4929 997 4972 uxor
1026 4909 1178 4972 Nicholsi
1216 4910 1320 4994 King,
1350 4911 1391 4974 de
1437 4957 1722 4973 ......
1762 4904 1963 4990 gentylman,
2001 4901 2065 4964 iuit

556 4995 670 5058 seisita
684 5001 747 5060 etc.
767 4995 802 5058 in
817 4995 917 5060 certis
931 4997 1027 5060 terris
1042 5003 1077 5060 et
1092 4999 1290 5062 tenementis
1304 4999 1340 5060 in
1356 4995 1571 5081 gevylkende‚
1591 4997 1627 5062 in
1643 4993 1811 5059 hundredo
1826 4993 1867 5056 de
1879 4987 2063 5078 Wyngham

559 5082 715 5165 predicto,
732 5084 766 5146 in
782 5083 942 5148 comitatu
957 5083 1095 5164 Kancie,
1109 5105 1174 5168 que
1189 5085 1302 5149 valent
1315 5089 1379 5150 etc.
1396 5084 1486 5172 vij.li
1489 5127 1976 5150 ..........

601 5217 743 5283 Thomas
766 5219 964 5304 Westelyve,
992 5221 1034 5285 de
1065 5221 1246 5298 SandvvicO,
1276 5223 1475 5307 gentilman‚
1500 5225 1579 5285 tuuc
1605 5219 1761 5302 temporis
1785 5216 1850 5280 tuit
1875 5215 2008 5278 scisitus
2029 5215 2064 5277 in

558 5309 657 5370 certis
670 5309 767 5372 terris
782 5314 816 5372 et
831 5309 1029 5373 tenementis
1044 5310 1078 5372 in
1095 5307 1264 5373 hundredo
1279 5311 1319 5374 de
1335 5309 1520 5396 Wyngham
1534 5308 1681 5394 predicto
1702 5308 1737 5369 in
1760 5302 1975 5390 gevylkende,
1999 5321 2063 5384 que

559 5393 669 5459 valent
683 5401 745 5461 etc.
761 5417 812 5462 xx.
820 5419 847 5460 s.
892 5395 937 5459 Et
952 5395 1045 5478 plure
1060 5395 1160 5460 hebet
1175 5405 1275 5462 terras
1290 5403 1324 5462 et
1339 5402 1528 5462 tenements
1551 5397 1587 5460 in
1613 5395 1773 5458 comitatu
1797 5392 1953 5474 predicto,
1978 5388 2063 5452 unde

559 5482 700 5546 valorem
715 5482 797 5546 dicti
806 5483 971 5566 juratores
985 5485 1148 5568 ignorant.

604 5667 999 5686 ........
1022 5620 1064 5685 de
1093 5619 1271 5699 Sendvri00‚
1301 5622 1503 5707 gentylman,
1534 5621 1599 5684 fuit
1629 5617 1759 5682 seisitus
1793 5619 1857 5678 ete.
1889 5613 1930 5678 de
1965 5611 2064 5673 certis

560 5708 656 5772 terris
685 5714 721 5772 et
749 5708 946 5772 tenementis
975 5710 1011 5771 in
1042 5706 1212 5774 hundredo
1235 5710 1275 5772 de
1297 5707 1497 5796 [Wynghem
1521 5707 1666 5793 predicto
1697 5706 1732 5768 in
1758 5699 1971 5788 gavylkende,
1998 5716 2062 5782 que

560 5795 667 5858 volent
697 5791 776 5882 etc]
798 5795 873 5861 xis.
919 5795 964 5860 Et
990 5797 1083 5880 plurs
1106 5795 1206 5862 hebet
1230 5805 1333 5864 terras
1355 5805 1390 5862 et
1418 5803 1604 5862 tenemento
1626 5791 1676 5882 [in
1707 5790 1869 5858 comitatu
1902 5785 2060 5872 predicto,

559 5879 660 5968 unde]
681 5881 825 5947 valorem
838 5885 1002 5968 ignorent.
