5000 7050
550 1051 615 1117 592
1202 1060 1425 1129 NORFOLK.

595 1337 759 1404 Johannes
782 1341 822 1406 de
847 1342 1030 1409 Hedersete
1055 1349 1149 1410 tenet
1175 1347 1210 1410 in
1235 1347 1463 1416 Wrnouunsrr
1488 1371 1590 1416 unum
1615 1351 1817 1436 quarterium
1846 1347 1916 1435 if.
1946 1369 1995 1414 m.
2025 1344 2066 1410 de

551 1430 696 1490 manerio
710 1429 750 1492 de
766 1428 954 1508 Fornecete,
969 1439 1003 1495 et
1016 1433 1104 1499 idem
1120 1433 1160 1497 de
1175 1455 1251 1519 rege

599 1605 638 1668 In
653 1607 746 1691 cujus
761 1608 809 1670 rei
824 1611 1053 1676 testimouium
1069 1611 1276 1695 presentibus
1293 1613 1402 1692 sigilla
1426 1618 1537 1678 nostra
1560 1616 1779 1698 apposuimus·
1824 1615 1950 1696 Datum
1974 1611 2065 1696 apud

552 1691 728 1778 Hengbam
755 1696 860 1779 quoad
889 1697 1129 1779 sigillacionem
1157 1701 1358 1782 presentium
1391 1701 1481 1776 xxiij.
1510 1703 1565 1766 die
1591 1703 1711 1786 Aprilis
1740 1722 1825 1766 auno
1855 1703 1947 1787 regni
1977 1700 2066 1786 regis

554 1779 689 1844 Henrici
710 1779 825 1868 [sexti]
847 1790 922 1866 post
936 1792 1149 1869 conquestum
1164 1793 1288 1850 octavo.

1006 2265 1227 2334 Hounaanau
1250 2287 1294 2334 cn
1317 2267 1598 2340 EYNESFORD.

593 2451 770 2537 Inquisicio
785 2457 879 2536 capta
893 2452 979 2534 apud
995 2451 1135 2520 Refham
1151 2456 1186 2518 in
1205 2457 1367 2520 comitatu
1383 2456 1563 2521 Norffolkie
1587 2456 1640 2521 die
1668 2457 1785 2522 Martis
1811 2458 1959 2540 proximo
1986 2463 2060 2542 post

548 2541 670 2604 festum
686 2539 889 2602 Assenoionis
905 2541 1039 2606 Domini
1053 2561 1138 2606 anno
1154 2545 1247 2627 regui
1263 2545 1348 2628 regis
1365 2545 1501 2608 Henrici
1516 2546 1598 2608 sexti
1625 2552 1699 2628 post
1724 2553 1938 2628 conquestum
1963 2553 2061 2611 sexto

547 2647 657 2692 coram
684 2624 841 2690 Nicholao
863 2627 995 2706 Castell,
1018 2627 1159 2694 Henrico
1175 2633 1287 2697 (latet
1303 2632 1397 2694 sociis
1413 2633 1479 2695 suis
1493 2631 1718 2698 collectoribus
1733 2635 1818 2716 regis
1833 2639 1902 2698 tam
1919 2634 2061 2698 subsidii

548 2714 759 2779 ecclesiarum
784 2734 883 2797 qnam
908 2715 1074 2782 feodorum
1100 2716 1248 2783 militum
1273 2719 1309 2781 in
1323 2719 1538 2802 parliamento
1555 2740 1612 2783 suo
1629 2724 1720 2784 tento
1735 2720 1822 2803 apud
1836 2720 2060 2787 Westmonas·

549 2803 670 2866 terium
684 2801 720 2864 in
735 2802 900 2885 quindena
915 2801 1028 2865 Sancti
1045 2803 1215 2867 Michaelis
1240 2805 1359 2871 ultimo
1386 2808 1542 2890 preterito
1565 2809 1705 2870 concessi
1732 2827 1788 2890 per
1813 2814 2059 2874 sacramentum

550 2888 692 2951 Galfridi
708 2887 809 2970 King,
824 2888 983 2952 Johannis
998 2889 1151 2973 Gerveys,
1166 2891 1323 2955 Johannis
1339 2892 1461 2976 Popye,
1476 2894 1626 2978 Hugonis
1641 2894 1768 2974 Mason,
1796 2893 1938 2960 Simonis
1953 2895 2060 2972 Tolle,

549 2976 709 3043 Willelmi
734 2976 942 3060 Bonbrygge,
967 2977 1098 3041 Richeri
1122 2978 1231 3062 Fetys,
1254 2978 1416 3043 Johannis
1432 2979 1704 3064 Sparlre,'1'bome
1721 2980 2059 3066 Seggeford,Ricardi

550 3064 685 3146 Aleyne,
724 3061 860 3126 Henrici
896 3063 1030 3149 Wegge,
1060 3075 1093 3131 et
1124 3065 1285 3130 Johannis
1319 3067 1472 3145 Parkere,
1497 3067 1694 3152 juratorum,
1730 3071 1787 3152 qui
1816 3069 1932 3133 dicunt
1958 3091 2059 3154 snper

548 3157 787 3216 sacramentum
803 3171 899 3216 sunm
913 3152 998 3234 quod
1013 3172 1126 3218 omnes
1141 3174 1277 3237 persone
1293 3155 1327 3217 in
1343 3156 1409 3218 ista
1423 3157 1639 3241 inquisicione
1654 3158 1823 3222 nominate
1838 3163 1915 3220 sunt
1929 3159 2058 3222 sciscito

547 3244 582 3302 et
618 3238 854 3320 possessionate
891 3243 926 3302 et
963 3259 1077 3304 eorum
1114 3239 1250 3325 quilibet
1283 3247 1334 3304 est
1362 3243 1473 3306 seisita
1502 3248 1537 3307 et
1567 3246 1803 3326 possessiouata
1831 3245 1865 3306 in
1895 3245 1991 3308 terris
2023 3251 2059 3309 et

547 3326 746 3390 tenementis
760 3325 796 3388 in
811 3324 975 3391 dominico
990 3347 1048 3390 sno
1064 3333 1101 3390 ut
1116 3329 1156 3391 de
1171 3327 1275 3392 libero
1290 3333 1479 3394 tenemento
1494 3350 1553 3393 suo
1569 3335 1604 3394 st
1617 3337 1734 3395 tenent
1760 3351 1816 3394 eeu
1843 3337 1934 3394 tenet
1956 3332 2058 3397 modo

547 3419 581 3477 et
596 3413 710 3490 forma,
723 3413 781 3498 qui
795 3418 976 3496 sequuntur
990 3412 1142 3478 videlicet
1160 3415 1245 3501 quod
1258 3440 1311 3481 2--

590 3607 741 3683 Thomas
765 3608 917 3673 dominus
945 3609 988 3672 de
1017 3608 1149 3687 Morlee,
1176 3615 1268 3674 tenet
1299 3612 1333 3673 iu
1365 3610 1525 3679 Forensis
1555 3618 1706 3699 quartam
1735 3618 1862 3695 partem
1897 3613 1921 3699 j·
1951 3613 1975 3679 i.
2008 3635 2056 3679 m.

544 3696 723 3761 inmediate
737 3694 778 3759 de
793 3695 914 3761 comite
930 3694 1143 3777 Gloucestrie,
1159 3717 1221 3780 que
1237 3718 1342 3781 nuper
1357 3699 1422 3761 fuit
1438 3698 1599 3767 Willelmi
1614 3700 1654 3763 de
1670 3700 1801 3766 Morlee.

589 3866 755 3932 Johanues
770 3868 873 3934 (hane
887 3876 978 3935 tenet
992 3872 1027 3933 in
1044 3870 1184 3937 Nomou
1196 3878 1232 3935 et
1248 3870 1501 3939 Tmnnnnone
1515 3871 1558 3934 di.
1577 3872 1599 3936 f.
1616 3892 1662 3938 m.
1678 3872 1857 3939 inmediate
1871 3871 1910 3935 de
1931 3874 2056 3938 comite

546 3956 731 4035 warennis,
748 3958 832 4039 quod
849 3978 952 4041 nuper
967 3958 1032 4021 luit
1048 3958 1070 4022 J
1071 3960 1207 4022 ohannis
1222 3958 1420 4045 Gerbrygge.

591 4127 686 4192 Idem
714 4126 879 4193 Johannes
902 4128 1005 4194 Graue
1028 4136 1122 4194 tenet
1147 4132 1182 4193 iu
1207 4129 1343 4196 Nomou
1368 4138 1403 4195 et
1431 4130 1613 4197 Gusrwnrr
1628 4133 1673 4196 di.
1690 4134 1712 4195 i.
1729 4153 1774 4198 m.
1805 4132 1985 4198 inmediate
2014 4133 2056 4196 de

546 4214 684 4278 Ricardo
699 4215 766 4278 filio
782 4215 937 4298 Simonis,
953 4217 1039 4303 quod
1054 4238 1160 4301 nuper
1174 4217 1240 4281 fnit
1255 4218 1422 4281 vincentii
1436 4218 1467 4279 N
1468 4228 1572 4283 orton.

589 4385 730 4453 Thomas
745 4388 926 4453 Mounseux
943 4394 1032 4452 tenet
1047 4389 1082 4451 in
1099 4388 1259 4456 Dannrrso
1274 4395 1339 4453 tres
1353 4394 1460 4474 partes
1471 4390 1500 4473 j.
1515 4390 1538 4453 f.
1556 4412 1601 4455 m.
1618 4390 1796 4456 inmediate
1818 4391 1859 4453 de
1881 4388 2054 4454 heredibus

546 4474 704 4542 Willelmi
721 4474 856 4559 Oomyn,
873 4496 936 4561 que
951 4496 1055 4559 nuper
1069 4478 1202 4539 fuerunt
1215 4476 1374 4541 Johannis
1390 4477 1574 4541 Ratlesden.

586 4649 750 4713 Johanues
776 4650 920 4716 Melman
945 4657 979 4715 et
1002 4649 1166 4714 Johanues
1192 4658 1262 4715 atte
1287 4653 1400 4736 Brygg
1426 4658 1541 4717 tenent
1566 4655 1601 4716 in
1629 4654 1736 4721 Sanun
1759 4660 1907 4737 quartam
1923 4658 2052 4736 partem

542 4736 864 4889 {ttlerpiqipemediate
880 4738 920 4801 de
936 4739 1107 4801 heredibus
1122 4738 1281 4803 Johannis
1296 4742 1335 4803 de
1352 4741 1445 4807 Bello
1460 4740 1587 4818 Monte,
1602 4762 1664 4825 que
1690 4762 1793 4823 nuper
1818 4742 1883 4804 fuit
1907 4742 2051 4804 Simonis

588 4999 729 5065 Domina
754 4998 856 5064 Elena
882 5001 922 5065 de
946 5000 1071 5068 Breues
1095 5007 1188 5065 tenet
1211 5005 1245 5065 in
1280 5003 1394 5067 eadem
1426 5002 1453 5086 j.
1481 5004 1503 5065 f.
1529 5024 1574 5068 m.
1603 5004 1783 5069 inmediate
1813 5006 1854 5069 de
1881 5004 2050 5069 heredibus

545 5088 685 5153 Galfridi
700 5086 792 5171 Saye,
807 5090 893 5172 quod
909 5109 1013 5173 nuper
1029 5088 1093 5151 suit
1109 5088 1268 5153 Johaunis
1284 5090 1435 5174 Breues.-

585 5264 725 5329 Thomas
740 5264 779 5327 de
794 5263 988 5343 Kerdeston,
1004 5265 1110 5344 miles,
1125 5272 1214 5330 tenet
1229 5268 1264 5329 in
1280 5266 1483 5335 Knauusrou
1499 5268 1544 5333 di.
1560 5269 1585 5333 f.
1599 5287 1645 5332 m.
1658 5266 1836 5333 inmediate
1852 5267 1893 5331 de
1911 5266 2052 5331 Falcone

543 5351 704 5433 Banyard,
718 5352 804 5434 quod
818 5372 921 5435 nuper
936 5348 1094 5419 willelmi
1109 5352 1150 5417 de
1165 5353 1359 5421 Kerdeston.

584 5530 747 5594 Johanues
763 5529 897 5594 Shelton
912 5537 1006 5594 tenet
1020 5534 1053 5596 iu
1070 5532 1273 5602 Kasoasrou
1290 5542 1323 5600 et
1344 5536 1595 5603 smarnos
1618 5538 1754 5601 terciam
1768 5540 1897 5619 partem
1919 5536 1945 5620 j.
1962 5537 1986 5601 f.
2001 5558 2048 5603 m.

541 5620 582 5682 de
596 5616 767 5681 heredibus
782 5617 922 5680 Gallridi
939 5618 1034 5703 Saye,
1049 5641 1111 5705 que
1126 5643 1228 5706 nuper
1242 5624 1306 5687 fuit
1322 5624 1472 5707 Hugonis
1488 5625 1675 5709 Burgelion.

584 5792 676 5856 Prior
712 5791 752 5856 de
776 5789 1009 5875 Walsyngham
1039 5801 1129 5857 tenet
1158 5799 1193 5861 in
1219 5798 1329 5867 Seueri
1352 5804 1502 5885 quartam
1529 5806 1654 5889 partem
1683 5800 1708 5889 j.
1732 5798 1756 5863 f.
1782 5820 1828 5869 m.
1856 5802 1897 5865 de
1925 5802 2045 5869 comite

543 5880 758 5959 Gloucestrie‚
773 5901 830 5963 pro
845 5898 909 5966 qua
924 5880 1021 5947 solvit
1036 5882 1189 5949 decimas.
