5000 7050
415 1128 419 1135 -
524 1087 587 1153 378
1131 1088 1410 1156 MIDDLESEX.

566 1376 710 1439 Ecclesia
726 1376 765 1440 de
781 1377 983 1443 Taamorou
999 1383 1133 1441 taxatur
1148 1379 1189 1442 ad
1205 1376 1247 1444 ix.
1262 1400 1397 1444 marcas.

570 1516 712 1587 Ecclesia
726 1524 766 1588 de
783 1525 938 1593 Soaasss
954 1529 1084 1588 laxatur
1099 1527 1140 1589 ad
1156 1548 1205 1591 xx.
1222 1548 1356 1589 marcas.

565 1611 679 1673 Porcio
705 1613 817 1694 prioris
842 1614 952 1675 Sancti
979 1611 1199 1677 Bartholcmei
1225 1614 1394 1677 Londonie
1422 1614 1455 1676 in
1481 1614 1594 1677 eadem
1619 1619 1751 1675 taxatur
1777 1613 1817 1675 ad
1833 1614 1868 1698 ij.
1885 1633 2023 1676 marcas.

527 1696 650 1778 (Nichil
666 1720 763 1761 causa
776 1699 948 1782 predicta.)

563 1785 680 1887 Pensio
702 1786 827 1849 abbatis
850 1786 890 1850 de
916 1787 1054 1851 Grasten
1080 1788 1113 1850 in
1138 1788 1252 1851 eadam
1282 1792 1412 1851 taxatur
1441 1789 1482 1850 ad
1503 1787 1549 1873 ij.
1574 1807 1707 1851 marcas.
1773 1786 1895 1865 (Nichil
1924 1806 2021 1849 causa

523 1873 696 2023 preliigaurra)
710 1959 855 2043 ejusdem
871 1966 1002 2024 laxatur
1016 1962 1056 2024 ad
1072 1962 1115 2045 vj.
1131 1982 1254 2025 marcas
1268 1963 1313 2026 di.

477 2107 484 2117 ’
566 2112 711 2174 Ecclesia
726 2113 766 2173 de
783 2110 1000 2177 Sesaasaaos
1017 2116 1148 2175 taxatur
1162 2112 1203 2174 ad
1219 2111 1318 2196 xxxij.
1335 2132 1469 2175 marcas.

523 2199 695 2369 prgiaeao)
716 2198 839 2261 abbatis
878 2200 1157 2262 westmonasterii
1193 2201 1228 2260 iu
1266 2200 1379 2266 eadem
1416 2204 1547 2263 taxatur·
1576 2199 1618 2261 ad
1647 2200 1691 2263 xl.
1699 2222 1725 2262 s.
1774 2196 1896 2275 (Nichil
1931 2218 2028 2261 causa

567 2420 710 2485 Ecclesia
724 2420 762 2483 de
779 2420 999 2486 eruxrssxox
1015 2425 1146 2483 taxatur
1161 2420 1201 2482 ad
1217 2419 1301 2505 xiiij.
1316 2440 1452 2484 marcas.

567 2569 711 2633 Ecclesia
726 2570 765 2632 de
781 2570 975 2635 Harrwosrrs
991 2574 1121 2631 taxatur
1135 2568 1175 2631 ad
1186 2567 1263 2651 vj.s.
1275 2568 1387 2653 viiia.
1436 2567 1626 2631 Subsidium
1642 2565 1767 2653 [viija.
1782 2569 1865 2631 uude
1905 2618 1913 2632 .
1961 2618 1969 2633 .
2017 2618 2026 2633 .

524 2654 595 2742 pro]
617 2656 710 2720 bonis
724 2662 759 2719 ei
774 2657 900 2719 catallis
916 2656 1053 2739 predicti
1068 2656 1212 2719 custodis
1227 2665 1359 2719 monete
1374 2657 1460 2740 regis
1475 2655 1560 2717 infra
1575 2654 1712 2719 Turrim.

568 2794 714 2857 Ecclesia
728 2795 768 2855 de
786 2794 911 2860 Susura
926 2814 1000 2855 cum
1015 2792 1139 2875 capella
1154 2792 1194 2856 de
1211 2794 1353 2857 Lsurssu
1369 2798 1502 2855 taxatur
1516 2793 1557 2854 ad
1573 2793 1636 2856 lxx.
1653 2812 1786 2855 marcas.

567 2881 695 2943 Vicaria
708 2879 852 2963 ejusdem
869 2888 1000 2943 taxatur
1014 2880 1055 2942 ad
1071 2880 1128 2965 xij.
1144 2902 1277 2943 marcas.

567 3017 710 3081 Ecclesia
725 3018 766 3079 de
780 3018 963 3083 Bansouxx
977 3022 1112 3081 taxatur
1127 3019 1169 3081 ad
1184 3019 1243 3101 cvj.
1253 3043 1278 3083 s.
1296 3016 1406 3103 vilja.

568 3152 712 3218 Ecclesia
726 3154 766 3217 de
784 3156 964 3223 Ssxxwrsuu
979 3160 1109 3217 taxatur
1125 3153 1165 3215 ad
1183 3154 1225 3217 xl.
1232 3149 1271 3215 ll.

567 3240 696 3305 Vicaria
711 3241 853 3325 ejusdem
871 3248 1001 3305 taxatur
1016 3241 1056 3304 ad
1071 3240 1142 3326 viij.
1159 3260 1292 3303 marcas.

568 3372 712 3437 Ecclesia
727 3373 767 3437 de
784 3374 1014 3439 erscxxcsox
1031 3379 1162 3437 laxatur
1177 3373 1218 3435 ad
1234 3372 1277 3436 ix.
1294 3392 1428 3436 marcas.

568 3504 713 3569 Ecclesia
727 3504 769 3568 de
785 3504 985 3573 Oasxasorsn
1001 3512 1134 3570 taxatur
1148 3506 1189 3570 ad
1204 3503 1299 3587 cvj.s.
1315 3503 1425 3589 vilja.

568 3635 713 3701 Ecclesia
727 3637 768 3701 de
784 3639 1063 3707 Hsausxswosun
1078 3645 1208 3704 taxatur
1222 3639 1263 3702 ad
1277 3636 1375 3704 xxii.

568 3772 712 3836 Ecclesia
727 3775 767 3836 de
784 3775 903 3844 Cossa
920 3779 1050 3838 taxatur
1064 3775 1105 3838 ad
1120 3775 1216 3858 cvj.s.
1234 3774 1344 3860 viijul.

568 3907 711 4012 Ecclesia
724 3909 765 4010 ue
780 3910 1009 3978 quuxxcnox
1024 3934 1098 3976 cum
1113 3914 1237 4013 capella
1252 3913 1293 3975 de
1307 3914 1524 3981 Wuxssarrss
1539 3917 1672 3976 taxatur
1686 3915 1727 3977 ad
1731 3915 1827 4014 xxxj.
1842 3933 1976 3977 marcas.

568 3993 696 4059 Vrcana
710 3998 857 4080 ejusdem
873 4007 1005 4063 taxatur
1020 4002 1061 4063 ad
1077 4002 1145 4084 viij.
1161 4020 1294 4066 marcas.

568 4134 712 4197 Ecclesia
726 4135 765 4198 de
781 4135 912 4202 Risum>
928 4141 1058 4200 taxatur
1073 4158 1145 4203 xxv.
1163 4158 1296 4202 marcas.

568 4220 697 4285 vicaria
711 4222 858 4306 ejusdem
873 4229 1004 4287 taxatur
1019 4223 1060 4286 ad
1076 4223 1145 4308 viij.
1163 4245 1296 4289 marcas.

568 4359 710 4422 Ecclesia
727 4359 768 4422 de
784 4361 984 4427 Nossemus
1003 4365 1133 4424 taxatm
1147 4362 1188 4426 ad
1203 4385 1230 4427 c.
1241 4387 1268 4427 s.

568 4495 712 4559 Ecclesia
726 4495 767 4558 de
782 4494 988 4563 Gasxrssoxn
1004 4496 1126 4562 Mssrrs
1143 4501 1274 4560 taxatur
1288 4497 1330 4559 ad
1344 4496 1387 4561 ix.
1403 4518 1536 4560 marcas.

569 4629 712 4692 Ecclesia
726 4629 764 4691 de
782 4629 1005 4695 Suessanum
1020 4637 1151 4693 taxatur
1165 4631 1205 4693 ad
1222 4633 1264 4696 xl.
1272 4634 1306 4696 li.

569 4716 698 4778 Vicaria
712 4716 858 4798 ejusdem
874 4723 1005 4780 taxatur
1020 4719 1061 4780 ad
1077 4719 1133 4803 xij.
1150 4739 1284 4782 marcae.

568 4843 713 4907 Ecclesia
728 4843 768 4907 de
783 4845 927 4910 Fuumrr
943 4853 1075 4910 taxatur
1091 4848 1130 4910 ad
1146 4850 1240 4913 xxii.

524 4931 693 5103 prgdixgiio)
712 4932 895 4995 cancellarii
933 4932 1042 4998 Sancti
1074 4935 1167 4998 Pauli
1201 4937 1235 4998 in
1263 4935 1378 4998 eadem
1409 4939 1539 4996 taxatur
1574 4933 1616 4995 ad
1646 4935 1731 5018 vili.
1780 4932 1900 5009 (Nichil
1930 4954 2030 4997 causa

569 5149 714 5212 Ecclesia
728 5149 768 5214 de
784 5151 894 5216 Acron
912 5155 1042 5216 taxatur
1057 5153 1098 5216 ad
1113 5173 1164 5218 xx.
1181 5173 1314 5217 marcas.
1369 5239 1373 5242 ῃ

568 5286 709 5348 Ecclesia
724 5286 764 5350 de
782 5287 939 5356 Zxauxxs
954 5293 1085 5353 taxatur
1102 5288 1142 5352 ad
1158 5311 1231 5355 xxv.
1248 5299 1392 5352 marcas?
1497 5257 1501 5260 ὓ

568 5421 712 5484 Ecclesia
727 5423 767 5486 de
782 5424 947 5490 stuxxx
962 5430 1092 5487 taxatur
1106 5425 1146 5486 ad
1164 5439 1215 5488 DL.
1232 5445 1365 5489 marcas.

567 5509 695 5572 Vicaria
710 5510 858 5595 ejusdem
874 5519 1004 5574 taxatur
1019 5511 1060 5574 ad
1076 5511 1132 5596 xij.
1148 5532 1283 5576 marcas.

567 5646 711 5709 Ecclesia
726 5647 766 5710 de
782 5647 961 5712 Hsarrscur
978 5653 1109 5711 taxatur
1123 5649 1164 5711 ad
1211 5698 1218 5712 .
1267 5699 1274 5712 .
1324 5699 1331 5713 .
1379 5697 1386 5712 .

566 5781 712 5846 Ecclesia
726 5783 768 5846 de
783 5783 986 5850 Fxxcnxuax
1000 5790 1131 5848 taxatur
1145 5786 1186 5848 ad
1203 5785 1260 5871 xij.
1278 5767 1409 5848 marcas.

567 5917 711 5981 Ecclesia
725 5919 766 5982 de
780 5919 989 5988 quurrsnors
1006 5928 1136 5987 taxatur
1150 5924 1191 5986 ad
1207 5922 1297 6008 xviij.
1313 5940 1446 5983 marcas.
