5000 7050
1131 1044 1213 1111 sl).
1237 1048 1335 1116 1346.

953 1282 1067 1402 Frons
1089 1335 1272 1402 ANDREE
1299 1335 1522 1403 LUTER-EL.

527 1484 614 1548 Item
628 1485 744 1549 dicunt
759 1487 845 1573 quod
858 1509 911 1548 :-

483 1713 499 1771 t
526 1623 670 1772 Appreas
695 1623 841 1687 Luterell
864 1629 958 1689 tenet
980 1626 1005 1710 j.
1030 1625 1054 1690 i.
1081 1628 1117 1689 in
1146 1626 1314 1702 lanensis,
1344 1625 1430 1710 quod
1454 1623 1621 1688 Galfridus
1646 1624 1791 1688 Luterell
1821 1623 1983 1708 quondam

500 1728 603 1775 enus.

527 1841 637 1907 Guido
652 1843 798 1907 Luterell
812 1849 904 1908 tenet
919 1844 964 1910 di.
981 1845 1004 1909 f.
1022 1843 1091 1930 viij.
1106 1848 1235 1926 partem
1248 1849 1284 1908 et
1310 1845 1352 1910 xl.
1369 1852 1495 1928 partem
1519 1866 1575 1910 un.
1592 1847 1615 1910 f.
1632 1847 1668 1908 in
1694 1846 1830 1913 Gocsar
1857 1848 1983 1924 (rectior

484 1931 629 2009 Boccor)
646 1937 682 1994 et
697 1932 863 2009 Somolo,
877 1953 940 2017 que
955 1932 1120 1996 lohannes
1135 1932 1280 1996 Luterell
1296 1933 1459 2018 quondam
1473 1934 1594 1997 tenuit.

482 2123 490 2136 ,
528 2064 621 2128 Prior
633 2065 673 2129 de
688 2065 938 2150 Sempringham
953 2071 1045 2130 tenet
1059 2087 1090 2130 v.
1107 2070 1234 2149 partem
1248 2072 1284 2130 et
1299 2068 1342 2132 xl.
1359 2069 1484 2151 partem
1499 2066 1582 2130 dicti
1597 2067 1620 2132 f.
1636 2068 1672 2130 in
1685 2066 1809 2132 eadem.

528 2201 620 2265 Prior
642 2201 821 2284 Hospitalis
847 2200 958 2266 Sancti
983 2201 1142 2267 Johannis
1165 2208 1258 2267 tenet
1273 2203 1344 2290 viij.
1361 2205 1491 2286 partem
1514 2202 1594 2266 dicti
1621 2201 1671 2282 (i.)
1695 2202 1732 2264 in
1747 2201 1873 2278 eadem,
1887 2221 1984 2287 quom

484 2291 639 2373 magister
652 2289 774 2352 milicie
789 2290 920 2373 Templi
934 2290 1100 2374 quondam
1115 2292 1235 2356 tenuit.

528 2425 712 2489 Willelmus
739 2426 780 2489 de
804 2425 937 2492 Oolevill
963 2432 1055 2492 tenet
1076 2429 1102 2513 3.
1129 2428 1152 2494 f.
1177 2429 1213 2490 in
1241 2428 1455 2506 swrrsmnr,
1477 2427 1565 2514 quod
1591 2424 1756 2491 Johannes
1779 2427 1820 2490 ds
1847 2425 1982 2491 Oolevill

485 2514 648 2600 quondam
663 2516 782 2579 tenuit.

977 2781 1092 2847 From
1113 2802 1157 2848 ps
1179 2780 1508 2849 EVEBYNGHAM.

530 2941 619 3042 Item
633 2940 749 3005 dicunt
762 2941 849 3026 quod
858 2963 912 3004 r—

530 3079 687 3143 Ricardus
709 3079 750 3142 de
774 3078 898 3142 leden
926 3083 1018 3144 tenet
1040 3079 1105 3166 iiij.
1130 3083 1259 3162 partem
1289 3083 1314 3166 3.
1338 3079 1362 3147 i.
1386 3081 1420 3144 in
1451 3080 1612 3157 Crassos,
1636 3097 1733 3165 quem
1763 3077 1920 3144 Ricardus
1950 3078 1991 3143 de

488 3167 644 3232 Holewell
659 3166 821 3252 quondam
836 3167 956 3233 tenuit.

532 3304 722 3388 Radulphus
744 3303 785 3366 de
807 3301 928 3366 Sancto
950 3302 1063 3366 Laudo
1085 3308 1177 3368 tenet
1201 3305 1237 3390 ij.
1255 3312 1364 3388 partes
1385 3307 1410 3391 3.
1425 3305 1450 3372 l.
1466 3305 1499 3367 in
1526 3304 1685 3378 Cnsrroc,
1701 3319 1781 3386 quas
1796 3300 1935 3367 Thomas
1949 3304 1990 3367 de

488 3391 610 3456 Sancto
624 3391 738 3454 Laudo
752 3398 787 3453 et
804 3390 987 3474 Willelmus
1001 3391 1042 3453 ad
1058 3390 1239 3455 Ecclesiam
1257 3393 1420 3477 quondam
1435 3395 1622 3455 tenuerunt.

532 3530 633 3592 Heres
654 3529 807 3613 Hugonis
828 3528 868 3590 de
892 3527 1089 3611 Dodyngton
1113 3534 1206 3593 tenet
1227 3530 1272 3595 di.
1289 3530 1312 3595 f.
1329 3532 1363 3593 in
1387 3532 1591 3597 Domrscrors
1615 3533 1650 3589 et
1664 3528 1890 3608 wemoster,
1907 3529 1992 3614 quod

366 3627 370 3631 “
488 3618 586 3701 Hugo
601 3617 642 3680 de
659 3617 858 3700 Dodyngton
873 3617 995 3681 tenuit.

531 3752 726 3819 (¹)Robertus
740 3752 781 3816 de
796 3752 896 3836 Aylsy
911 3756 1002 3815 tenet
1015 3773 1046 3818 x.
1062 3759 1191 3835 partem
1206 3754 1230 3839 3.
1247 3754 1270 3818 f.
1287 3752 1322 3814 in
1338 3751 1436 3814 dictis
1451 3751 1549 3817 villis.

489 3891 690 4043 ARlcalpdtLrs
718 3888 758 4039 dp
780 3886 908 3951 Ampik
937 3893 1028 3953 tenet
1051 3888 1121 3975 viij.
1145 3894 1272 3973 partem
1295 3908 1353 3954 un.
1377 3888 1400 3954 i.
1424 3890 1458 3952 in
1482 3889 1612 3985 ΛΜΨ,
1636 3910 1736 3974 quam
1759 3890 1923 3955 Walterus
1952 3888 1993 3954 de

521 4001 602 4065 mwy
675 3997 761 4041 nm.

533 4118 625 4180 Prior
639 4114 680 4178 de
694 4110 895 4178 Haverholm
909 4116 1005 4177 tenet
1020 4112 1077 4199 vij.
1093 4118 1202 4197 partes
1217 4112 1298 4176 dicti
1316 4111 1339 4179 f.
1356 4114 1391 4175 in
1407 4111 1533 4178 eadem.

533 4256 627 4319 Idem
642 4253 728 4337 prior
743 4257 836 4315 tenet
850 4252 874 4338 3.
891 4252 914 4317 f.
932 4252 967 4314 in
983 4251 1189 4316 Dmmsros.

533 4395 624 4458 Prior
647 4392 686 4455 de
711 4390 835 4455 Cattele
860 4393 953 4453 tenet
978 4389 1028 4475 iij.
1053 4395 1177 4472 partem
1203 4389 1229 4475 3.
1246 4390 1270 4454 f.
1295 4390 1329 4452 in
1355 4389 1530 4467 Donusam,
1549 4408 1647 4473 quam
1675 4388 1858 4454 Alexander
1881 4390 1995 4477 cressy

490 4482 652 4568 quondam
669 4479 789 4543 tenuit.

532 4620 672 4683 Thomas
685 4616 727 4681 de
742 4615 907 4699 Basynges
921 4617 1016 4677 tenet
1030 4612 1093 4698 iiij.
1110 4617 1218 4695 partes
1236 4612 1281 4678 di.
1297 4611 1320 4678 f.
1339 4616 1375 4675 et
1391 4611 1519 4698 xxxiiij.
1536 4613 1716 4695 partemin
1732 4613 1900 4696 Roucsar,
1915 4636 1994 4700 quas

489 4706 683 4771 Edmundus
697 4704 737 4767 de
751 4702 783 4766 N
784 4700 955 4765 ormanvill
970 4702 1132 4785 quondam
1150 4700 1270 4763 tenuit.

532 4844 623 4906 Prior
652 4840 833 4925 Hospitalis
863 4845 956 4904 tenet
984 4858 1038 4903 xx.
1069 4841 1197 4920 partem
1227 4840 1262 4900 et
1291 4836 1397 4923 xlviij.
1425 4843 1550 4921 partem
1577 4857 1634 4903 un.
1662 4836 1687 4907 l.
1705 4838 1740 4900 in
1764 4838 1889 4916 eadem,
1915 4860 1995 4925 quas

491 4932 648 5015 magister
663 4928 783 4992 milicie
797 4926 925 5009 Templi
941 4926 1106 5011 quondam
1121 4924 1243 4989 terruit.

536 5056 707 5144 Hernicus,
724 5065 862 5129 vicarius
883 5065 922 5128 de
944 5063 1107 5147 Rouceby,
1121 5070 1156 5127 et
1171 5026 1385 5146 participibus
1400 5063 1468 5125 suis
1486 5064 1555 5143 (ric)
1574 5068 1691 5127 tenent
1704 5063 1768 5150 iiij.
1784 5069 1892 5147 partes
1907 5065 1953 5132 di.
1970 5065 1995 5133 f.

492 5164 527 5222 et
539 5177 614 5221 xxx.
630 5154 809 5238 partemin
825 5153 942 5217 Noarn
958 5152 1124 5230 Rouom,
1142 5172 1222 5236 quas
1239 5150 1402 5213 Henrious
1417 5149 1504 5214 filius
1519 5149 1657 5214 Walteri
1673 5152 1835 5235 quondam
1850 5154 1973 5219 tenuit.

535 5295 629 5358 Prior
654 5290 835 5373 Hospitalis
857 5293 952 5353 tenet
974 5310 1027 5356 xv.
1055 5295 1183 5373 partem
1209 5288 1292 5353 dicti
1318 5288 1342 5355 f.
1359 5289 1392 5352 in
1419 5288 1543 5370 eadem,
1570 5308 1669 5375 quam
1692 5289 1850 5372 magister
1874 5289 1996 5354 milicie

492 5380 620 5467 Templi
635 5376 799 5466 quondam
813 5378 934 5441 tenuit.

536 5517 641 5581 Adam
655 5515 695 5578 de
710 5510 934 5597 Everingham
948 5516 1039 5576 tenet
1055 5510 1126 5597 viij.
1142 5516 1271 5593 partem
1284 5511 1310 5599 3.
1327 5511 1350 5577 f.
1365 5512 1399 5577 in
1416 5512 1640 5589 mammos,
1654 5531 1752 5597 quam
1768 5510 1933 5576 Johannes
1955 5513 1995 5577 de

494 5603 720 5689 Everyngham
735 5600 900 5687 quondam
914 5599 1037 5665 tenuit.

537 5736 627 5800 Prior
640 5736 682 5799 de
696 5732 894 5798 Haverholm
908 5736 1000 5796 tenet
1017 5730 1075 5818 vij.
1089 5736 1198 5815 partes
1211 5730 1296 5795 dicti
1311 5730 1335 5799 f.
1351 5730 1388 5795 in
1403 5730 1531 5798 eadem.

1798 5869 1804 5876 .
1843 5868 2004 5881 ----—..-

1143 5903 1172 5969 (²)
1185 5906 1219 5953 Aa
1230 5904 1260 5953 irs
1274 5902 1347 5958 180³.
