5000 7050
565 1072 607 1139 66
1257 1070 1388 1137 ΚΕΝΤ.

613 1359 714 1439 Item,
726 1359 903 1425 Nichoiaus
917 1359 1104 1441 Brohhulle,
1119 1358 1160 1425 de
1175 1358 1337 1425 Saltvvode
1364 1360 1520 1444 predicta,
1534 1361 1686 1445 armiger,
1700 1359 1765 1425 fuit
1791 1360 1923 1425 seisitus
1945 1362 2010 1424 etc.
2026 1354 2074 1421 de

568 1450 669 1512 certis
697 1449 794 1513 terris
823 1469 899 1512 cum
928 1448 995 1513 suis
1022 1449 1235 1532 pertinenciis
1263 1450 1299 1511 in
1331 1448 1509 1516 Ssnrvvonn
1538 1448 1574 1511 in
1611 1447 1791 1512 hundredis
1827 1447 1992 1532 predictis,
2029 1445 2071 1508 in

569 1534 777 1619 gavilhende,
793 1555 856 1619 que
874 1540 960 1601 terre
975 1536 1086 1599 valent
1100 1542 1163 1601 etc.
1180 1536 1349 1621 sexaginta
1363 1556 1418 1599 sex
1433 1535 1554 1600 solidos
1569 1537 1603 1599 et
1618 1545 1691 1600 octo
1705 1536 1866 1601 deuados.

613 1623 705 1687 Idem
735 1622 913 1687 Nicholaus
948 1620 1029 1710 [fuit
1057 1619 1107 1709 et]
1144 1631 1194 1687 est
1223 1624 1353 1687 seisitus
1382 1622 1423 1687 de
1452 1624 1526 1687 aliis
1562 1621 1671 1709 [terris
1700 1628 1736 1686 in
1765 1619 1854 1708 aliis]
1890 1619 2072 1685 hundredis

568 1712 744 1775 comitatus
759 1711 895 1788 Kancie,
909 1716 944 1775 et
958 1711 997 1774 de
1012 1710 1117 1774 valore
1132 1712 1311 1774 earundem
1326 1712 1487 1793 Ignorant.

612 1874 709 1954 Item,
725 1874 881 1939 Ricardus
895 1874 937 1939 de
957 1924 1299 1940 .......
1322 1880 1411 1959 gate,
1425 1875 1466 1938 de
1482 1874 1584 1938 Asshe
1618 1922 2006 1938 ........
2057 1922 2065 1937 .

567 1962 699 2026 seisitns
713 1968 777 2028 etc.
793 1963 833 2026 de
849 1964 944 2026 certis
958 1962 1053 2026 terris
1073 1963 1108 2025 in
1137 1962 1315 2030 Sanrvvoun
1340 1968 1374 2026 et
1399 1959 1578 2025 hundredis
1602 1962 1756 2044 predictis
1779 2004 2064 2027 ......

569 2098 851 2115 ......
875 2049 986 2113 valent
1000 2051 1170 2112 annuatim
1185 2054 1247 2114 etc.
1264 2070 1317 2113 sex
1361 2053 1431 2113 inta
1446 2048 1575 2114 solidos.

610 2135 704 2200 Idem
733 2136 890 2200 Ricardus
926 2134 1006 2224 [tuit
1035 2138 1164 2200 seisitus
1192 2137 1234 2199 de
1264 2135 1337 2200 aliis
1389 2137 1483 2200 terris
1512 2136 1547 2199 in
1584 2136 1656 2200 aliis
1685 2133 1862 2200 hundredis
1890 2136 2066 2199 comitatus

566 2224 719 2308 predicte,
734 2229 768 2288 et
783 2224 824 2288 de
839 2225 945 2287 valore
961 2224 1136 2288 earundem
1150 2224 1315 2309 ignorem.

610 2386 708 2468 Item,
731 2390 885 2473 magister
906 2385 1101 2475 [Iohannes]
1132 2437 1523 2453 ........
1546 2386 1683 2451 Eboraci
1697 2386 1760 2451 fuit
1787 2387 1917 2451 eeisitus
1945 2392 2005 2451 etc.
2021 2385 2063 2450 de

565 2477 662 2538 certis
689 2476 785 2539 terris
813 2481 851 2539 et
879 2476 1077 2539 tenementis
1106 2476 1141 2538 in
1173 2476 1352 2543 Smrvvonn
1376 2481 1412 2538 et
1435 2474 1610 2539 hundredIs
1637 2474 1802 2558 predictis,
1826 2495 1888 2557 que
1917 2478 2001 2538 terre
2029 2479 2064 2538 et

562 2567 752 2626 tenemento
768 2567 920 2627 tenentur
935 2563 969 2625 in
984 2561 1192 2647 gavilheude,
1207 2567 1243 2626 et
1258 2563 1369 2626 valent
1385 2568 1437 2625 etc
1440 2610 1996 2627 ...........

609 2649 700 2715 Idem
715 2651 871 2735 magister
887 2648 1052 2714 Iohannes
1066 2649 1132 2713 fuit
1146 2654 1179 2713 et
1194 2655 1245 2714 est
1260 2650 1388 2714 seisitus
1402 2655 1465 2715 etc.
1482 2650 1523 2712 de
1538 2649 1612 2713 aliie
1627 2650 1720 2713 terris
1745 2654 1780 2713 et
1804 2650 2005 2713 tenementis
2028 2648 2063 2711 in

571 2734 659 2823 [aliis
674 2736 852 2801 hundredis
866 2739 1042 2801 comitatus
1056 2737 1205 2821 predicti,
1222 2734 1272 2823 et]
1293 2737 1334 2801 de
1350 2737 1457 2800 valore
1473 2735 1649 2801 eorundem
1664 2738 1826 2821 ignorant.

566 2899 840 3071 (tltembdicupt
868 2900 955 2984 quod
986 2920 1096 2965 omnes
1132 2904 1166 2965 et
1195 2902 1322 2986 singule
1358 2921 1492 2987 persone
1529 2905 1600 2967 tam
1637 2901 1713 2967 laici
1743 2920 1842 2987 quam
1881 2900 2063 2983 spirituales

579 3010 633 3053 ec.
649 3010 686 3052 aa
720 3010 828 3052 core.

607 3150 648 3215 Iu
662 3150 754 3237 cujus
769 3153 816 3216 rei
831 3152 1069 3231 testimonium,
1085 3155 1148 3219 etc.

971 3493 1207 3584 [Hovnannnrr
1230 3494 1289 3584 nn]
1318 3494 1663 3564 BYROHEHOL'IE.

606 3682 784 3768 Inquisicio
809 3690 906 3770 capta
931 3686 1018 3769 apud
1043 3683 1290 3770 Esshetysforde
1305 3687 1339 3749 in
1356 3687 1516 3749 comitatu
1539 3685 1664 3748 Kancie
1679 3683 1734 3746 die
1748 3681 1860 3746 Sebati
1875 3685 1910 3746 in
1925 3681 2064 3744 crastino

564 3770 676 3836 Sancti
690 3772 813 3836 'rhome
829 3773 986 3856 Apostoli,
1003 3793 1089 3836 anno
1109 3774 1207 3858 regni
1232 3776 1318 3858 regis
1344 3773 1479 3836 Henrici
1506 3775 1590 3836 sexti
1617 3771 1755 3849 decimo,
1783 3789 1890 3832 coram
1915 3767 2064 3833 Johanne

562 3857 688 3923 Peeche
718 3865 786 3944 (etc.
817 3883 854 3925 aa
884 3861 1010 3944 before),
1040 3881 1097 3944 per
1126 3864 1364 3925 sacramentnm
1393 3859 1485 3924 Petri
1516 3859 1599 3939 Dod,
1639 3854 1806 3940 Radulphi
1841 3862 1911 3920 atte
1947 3855 2064 3930 Graue,

561 3945 719 4010 Johannis
734 3946 868 4030 Hyhhe,
882 3945 1040 4010 Iohannis
1055 3947 1156 4032 Vuag,
1172 3947 1262 4011 Petri
1280 3947 1461 4031 Stovtyng,
1479 3946 1642 4010 Samsonis
1667 3944 1788 4016 Bevte,
1814 3943 1902 4007 Petri
1927 3942 2061 4023 Bakare,

561 4032 720 4097 Willelmi
745 4039 816 4098 atta
838 4034 946 4113 Pette,
962 4034 1121 4097 Willelmi
1144 4034 1294 4119 Bellyng,
1310 4035 1471 4098 Willelmi
1486 4032 1681 4110 Shotvrater,
1697 4031 1854 4114 Stephani
1869 4031 2016 4110 Andrew,
2031 4036 2064 4093 et

560 4119 887 4201 JohannisTurncur,
894 4121 1079 4205 juratorum
1095 4121 1257 4185 hundredi
1271 4122 1311 4186 de
1323 4121 1506 4206 Byrcholte,
1519 4123 1575 4206 qui
1585 4121 1700 4184 dicunt
1715 4138 1811 4201 super
1825 4123 2064 4184 sacramentum

562 4229 659 4270 suum
673 4208 760 4292 quod
773 4230 826 4270 :—

606 4370 705 4455 Hugo
729 4369 887 4434 Halsham
912 4370 952 4434 de
974 4351 1135 4435 comitatu
1162 4371 1323 4452 Snssexie,
1348 4372 1453 4450 miles,
1480 4371 1545 4434 fuit
1570 4370 1699 4434 seisitus
1721 4373 1783 4434 etc.
1811 4367 1852 4431 de
1867 4367 2011 4431 manerIo
2024 4367 2065 4431 de

560 4458 763 4523 Baaaooaun
778 4478 853 4521 cum
867 4459 935 4522 suis
949 4460 1159 4542 pertinenciis
1175 4460 1210 4523 in
1234 4460 1349 4523 eodem
1372 4457 1541 4522 hundredo
1566 4459 1600 4520 in
1627 4457 1788 4521 comitatu
1812 4455 1948 4533 Kancie,
1971 4460 2064 4519 tento

560 4565 619 4628 per
633 4545 806 4609 servicium
820 4565 875 4611 un.
892 4546 915 4612 f.
931 4565 976 4612 m.
991 4547 1125 4631 integri,
1143 4552 1285 4611 etsexta
1300 4547 1403 4631 partis
1417 4566 1473 4610 un.
1491 4543 1515 4610 f,
1531 4545 1662 4630 integri.

604 4708 702 4788 Item,
719 4707 900 4774 Willelmue
922 4709 1051 4788 Hawte,
1073 4710 1114 4774 de
1140 4711 1270 4776 Bourne
1294 4711 1330 4774 in
1355 4711 1502 4795 predicto
1528 4710 1688 4773 comitatu
1704 4706 1840 4784 Kancie,
1854 4705 1920 4769 fuit
1934 4705 2065 4768 saisitus

561 4799 624 4860 etc.
650 4795 692 4859 de
717 4798 861 4860 manerio
887 4797 928 4860 de
952 4797 1224 4865 Hssrvrscnnonn
1248 4819 1324 4864 cum
1357 4801 1424 4862 suis
1448 4797 1661 4883 pertinenciis
1684 4796 1719 4858 in
1744 4794 1859 4858 eodem
1884 4790 2064 4870 hundredo,

562 4888 653 4946 tento
667 4903 725 4996 per
741 4885 910 4948 servicium
925 4885 971 4950 di.
989 4885 1011 4950 i.
1028 4907 1072 4951 m.
1088 4888 1221 4970 integri.

604 5045 702 5126 Item,
714 5044 877 5110 Johannes
892 5046 1014 5131 Deuys,
1025 5047 1065 5111 de
1076 5048 1179 5112 Welle
1193 5051 1229 5112 in
1243 5049 1357 5113 eodem
1372 5050 1542 5126 comitatu,
1556 5047 1708 5131 armiger,
1723 5044 1788 5109 init
1804 5043 1935 5108 seisitus
1949 5047 2010 5108 etc.
2024 5042 2065 5106 de

560 5132 656 5195 certis
678 5134 772 5197 terris
795 5154 870 5197 cum
897 5136 964 5197 suis
988 5137 1197 5219 pertinenciis
1220 5137 1254 5200 in
1279 5138 1457 5204 Annnmsn
1483 5138 1517 5200 in
1545 5136 1661 5199 ecdem
1686 5131 1865 5211 hundredo,
1891 5132 1995 5194 tentis
2010 5151 2066 5215 per

559 5221 732 5284 servicium
747 5220 884 5284 duarum
899 5224 1043 5305 partium
1058 5222 1103 5287 di.
1118 5222 1142 5290 f.
1158 5244 1203 5288 m.
1220 5225 1355 5309 integri.

604 5381 702 5462 Item,
726 5381 911 5447 Willelmus
933 5383 1021 5460 Scot,
1043 5385 1084 5449 de
1108 5383 1292 5450 Brahourne
1314 5387 1472 5471 predicta,
1499 5386 1649 5470 armiger,
1677 5383 1743 5448 tuit
1779 5381 1911 5447 seisitus
1938 5385 2001 5448 etc.
2025 5381 2065 5445 ds

558 5471 657 5532 certis
680 5470 774 5533 terris
798 5491 873 5533 curn
894 5473 960 5534 suis
984 5474 1193 5555 pertinenciis
1215 5476 1251 5536 in
1267 5475 1467 5541 Brucuonvn
1483 5475 1519 5537 in
1532 5471 1702 5538 hundredo
1716 5471 1876 5556 predicto,
1892 5471 2065 5554 tantisper

557 5557 729 5620 servicium
744 5557 881 5621 duarum
896 5561 1042 5640 partium
1058 5580 1114 5625 un.
1131 5563 1288 5646 quarterii
1304 5583 1360 5628 un.
1378 5564 1401 5629 f.
1418 5584 1463 5627 m.
1479 5561 1613 5646 integri.

597 5715 696 5796 Item,
729 5716 914 5781 willelmus
945 5718 1065 5799 Reum,
1098 5721 1139 5786 de
1169 5720 1343 5808 Byrcholte
1373 5726 1407 5788 in
1437 5723 1552 5787 ecdem
1581 5722 1753 5798 comitatu,
1778 5718 1974 5804 gentilman,
1998 5697 2066 5782 suit

553 5803 685 5867 saisitus
710 5808 772 5868 etc.
801 5805 961 5870 decenis
986 5810 1082 5872 terris
1111 5815 1146 5874 et
1177 5813 1379 5874 tenementis
1402 5813 1440 5874 in
1462 5811 1661 5876 Bracuonrn
1691 5807 1847 5890 predicta,
1874 5806 1977 5870 tentis
2005 5827 2065 5889 par

557 5891 730 5954 servicium
744 5911 800 5956 un.
816 5896 973 5976 quartarii
987 5895 1033 5960 di.
1051 5897 1074 5962 i.
1092 5918 1136 5963 m.
1153 5903 1189 5962 et
1206 5899 1307 5961 tercie
1322 5900 1424 5980 partis
1438 5899 1484 5963 di.
1501 5897 1524 5964 f.
1541 5918 1585 5963 m.
1602 5897 1736 5980 integri.
