5000 7050
1136 1107 1217 1176 Ab.
1243 1109 1337 1176 1428.
1923 1107 2004 1174 561.

528 1400 651 1464 Dicunt
664 1400 767 1464 eciam
793 1400 953 1485 juratores
967 1397 1107 1483 predicti
1121 1398 1209 1483 quod
1223 1397 1314 1463 nulle
1328 1402 1405 1464 sunt
1418 1399 1481 1462 alic
1495 1417 1631 1483 persone
1646 1398 1713 1462 sive
1728 1401 1878 1461 tenentes
1901 1395 1987 1460 inira

484 1485 689 1552 hundredum
703 1488 743 1552 de
758 1486 851 1551 Disce
865 1488 976 1550 seisite
990 1488 1027 1550 in
1041 1486 1205 1552 dominico
1219 1506 1277 1550 suo
1291 1486 1467 1551 inmediate
1482 1494 1520 1550 ut
1535 1485 1576 1550 de
1590 1486 1691 1551 libero
1701 1491 1890 1550 tenemento
1901 1483 1987 1548 unde

483 1577 585 1639 iidem
599 1595 734 1659 persone
749 1576 817 1638 sive
830 1579 983 1639 tenentes
997 1576 1233 1658 poseessionate
1245 1575 1395 1638 existunt
1407 1575 1465 1658 qui
1483 1577 1600 1644 tenent
1626 1593 1685 1656 per
1710 1574 1877 1658 integrum
1902 1572 1925 1637 f.
1942 1591 1987 1635 m.

484 1663 709 1740 medietatem,
723 1663 859 1727 terciam
874 1661 926 1725 vel
940 1666 1089 1746 quartam
1113 1657 1270 1748 [parum]
1292 1659 1378 1726 feodi
1393 1661 1511 1726 militis
1525 1661 1692 1726 inclusive.

529 1799 570 1863 ln
596 1799 690 1882 cujus
718 1801 765 1864 rei
793 1798 1019 1862 testimonium
1050 1797 1214 1883 juratores
1249 1797 1393 1882 predicti
1428 1795 1506 1861 huic
1544 1798 1755 1882 inquisicioni
1792 1798 1902 1885 sigilis
1930 1815 1988 1860 suc

484 1891 714 1972 apposuerunt.
759 1885 883 1950 Datum
896 1885 962 1966 die,
978 1903 1064 1950 enno
1080 1890 1114 1950 et
1129 1885 1199 1950 loco
1220 1881 1463 1974 [supradictisJ.

1029 2235 1250 2303 Husuannuu
1272 2255 1318 2303 nu
1339 2232 1541 2306 ERSHAM.

528 2399 708 2484 Inquisicio
735 2403 833 2482 capta
860 2400 948 2483 apud
977 2397 1148 2462 Herliston
1176 2398 1231 2462 die
1261 2397 1398 2462 Veneris
1426 2398 1576 2482 proximo
1612 2402 1689 2482 post
1722 2397 1844 2465 festum
1874 2397 1987 2465 Sancti

485 2487 635 2552 Barnabe
658 2486 797 2571 spostoli
821 2505 908 2550 anno
932 2487 1028 2571 regni
1052 2487 1139 2571 regis
1163 2485 1301 2548 Henrici
1327 2485 1412 2549 sexti
1436 2491 1511 2569 post
1536 2489 1748 2570 conquestum
1774 2491 1866 2551 sexto
1879 2507 1987 2552 coram

485 2574 643 2639 Nicholao
656 2573 802 2652 ·Castell,
830 2573 1005 2638 Edmundo
1032 2570 1298 2658 Yonghusbonde
1322 2576 1356 2636 et
1386 2572 1482 2636 sociis
1506 2574 1575 2637 suia
1597 2572 1822 2638 collectoribus
1848 2573 1987 2640 subsidii

484 2663 610 2727 domini
638 2663 724 2746 regis
753 2661 789 2724 in
818 2660 935 2725 ultimo
963 2659 1186 2724 Parliamento
1210 2680 1269 2725 auo
1298 2659 1386 2745 apud
1416 2659 1735 2726 westmonasterium
1763 2662 1799 2726 in
1822 2662 1988 2746 quindena

485 2749 597 2814 Sancti
605 2747 778 2813 Michaelis
792 2749 912 2812 ultimo
926 2748 1085 2830 preterita
1098 2753 1192 2812 tento
1205 2749 1347 2812 concessi
1361 2767 1418 2830 per
1431 2755 1671 2812 sacramentnm
1685 2746 1707 2812 J
1707 2746 1844 2813 ohannis
1859 2748 1985 2830 ricton,

486 2836 621 2902 Boberti
659 2837 784 2916 Basset,
821 2833 973 2899 Nicholai
1010 2833 1143 2912 heman,
1178 2834 1311 2899 Roberti
1348 2833 1476 2916 Fslbet,
1513 2833 1672 2899 Johunnis
1708 2834 1792 2921 Ony,
1830 2833 1987 2902 Johannis

486 2923 669 3001 lloteman,
703 2922 865 2988 Johannis
900 2922 962 3000 Do,
996 2922 1133 2986 Roberti
1169 2920 1285 3000 Oolarv,
1321 2920 1446 2986 Thome
1474 2921 1571 3000 Reae,
1600 2919 1761 2987 Johsnnis
1796 2923 1984 3006 Henvorth‚

485 3012 644 3076 Johennia
658 3010 765 3094 Daldy
779 3016 813 3074 et
830 3009 965 3074 Henrici
979 3008 1075 3088 Wcll,
1088 3011 1285 3095 juratorum,
1297 3008 1339 3072 dc
1353 3008 1523 3073 hundredo
1547 3010 1588 3075 de
1615 3009 1762 3093 Ersham,
1787 3011 1846 3096 qui
1871 3011 1987 3077 dicunt

486 3117 583 3182 super
605 3103 844 3163 sacramentum
867 3117 964 3161 suum
985 3098 1072 3182 quod
1086 3117 1200 3161 omnes
1216 3115 1349 3181 persone
1363 3096 1399 3160 in
1414 3097 1480 3160 ista
1493 3097 1710 3180 inquisicione
1725 3100 1894 3164 nominate
1909 3108 1987 3164 sunt
2012 3168 2016 3183 ,

485 3187 644 3251 seisiteet
657 3186 889 3268 possessionate
903 3191 940 3248 et
962 3205 1073 3248 eorum
1098 3184 1238 3270 quilibet
1261 3189 1310 3249 est
1334 3184 1466 3248 seisitus
1491 3189 1527 3248 et
1549 3185 1802 3269 possessioustue
1825 3184 1868 3250 de
1893 3187 1986 3250 terris

485 3280 517 3336 et
531 3273 729 3339 tenementis
743 3273 778 3335 in
794 3272 959 3336 dominico
973 3292 1031 3335 sno
1045 3276 1085 3335 ut
1098 3273 1140 3335 de
1154 3271 1256 3335 libero
1271 3276 1458 3336 tenemento
1472 3276 1508 3335 et
1523 3274 1637 3336 tenent
1651 3291 1709 3337 seu
1725 3276 1817 3336 tenet
1830 3273 1926 3338 modo
1951 3279 1988 3337 et

483 3361 586 3424 forma
600 3362 659 3445 qni
673 3361 830 3445 sequitur,
847 3359 1013 3437 videlicet,
1027 3358 1113 3443 quod
1128 3383 1183 3425 :-

530 3550 634 3615 Heres
663 3548 821 3616 ¹iohannis
843 3549 975 3615 Clinton
1000 3553 1092 3614 tenet
1113 3550 1293 3613 inmediate
1319 3550 1359 3613 de
1382 3550 1464 3614 duce
1487 3548 1659 3615 Noriollrie
1682 3550 1864 3615 manerium
1891 3571 1987 3616 suum

484 3658 560 3703 cum
575 3638 789 3723 pertinenciis
802 3639 838 3704 in
852 3637 1033 3704 Pmmsrorv
1047 3656 1106 3721 per
1119 3638 1290 3701 servicium
1300 3634 1330 3722 j.
1345 3635 1368 3703 f.
1384 3658 1429 3703 m.

529 3777 694 3843 Johanncs
718 3773 988 3859 Hevenyngham‚
1001 3772 1107 3850 miles,
1120 3777 1211 3838 tenet
1233 3773 1415 3839 inmediate
1440 3774 1482 3838 de
1503 3771 1675 3837 heredibus
1699 3772 1850 3861 Hugonis
1877 3775 1909 3839 le
1924 3774 1989 3839 Ver
2057 3740 2060 3749 *

484 3870 574 3928 certe
587 3870 691 3927 terras
703 3869 738 3927 et
752 3867 943 3927 tenementa
956 3863 992 3925 in
1007 3862 1201 3929 Rrvnsusnn
1214 3881 1275 3946 per
1290 3862 1462 3926 servicium
1476 3862 1502 3948 j.
1519 3862 1543 3929 i.
1559 3882 1606 3928 m.

527 3994 635 4060 Abhca
650 3992 691 4059 de
704 3993 848 4079 Lenglce
862 3998 956 4058 tenet
969 3992 1146 4057 inmediats
1160 3992 1201 4057 de
1213 3991 1384 4058 heredibus
1394 3992 1531 4059 Roherti
1540 3994 1602 4061 filii
1613 3998 1734 4085 Rogeri
1748 4004 1836 4064 certa
1850 3995 1982 4089 [terras]

484 4090 518 4147 et
533 4087 723 4148 tenemento
735 4083 772 4146 in
786 4082 981 4148 ansm
994 4100 1054 4165 per
1066 4078 1240 4145 servicium
1255 4080 1302 4147 di.
1316 4079 1343 4148 f.
1359 4102 1405 4149 m.

528 4220 621 4284 Prior
633 4219 676 4285 de
689 4217 881 4284 Bokcnham
898 4223 991 4283 tenet
1004 4216 1183 4283 inmediate
1196 4216 1239 4282 de
1252 4216 1422 4283 heredibus
1438 4219 1557 4304 prelati
1571 4220 1705 4287 Roberti
1719 4228 1809 4288 certa
1823 4229 1927 4289 terres
1952 4230 1988 4291 et

485 4314 673 4374 tenementa
686 4307 723 4370 in
737 4306 852 4371 eedem
864 4326 923 4391 per
936 4305 1106 4371 servicium
1121 4312 1236 4391 quarta
1249 4307 1353 4390 partis
1367 4306 1392 4394 j.
1407 4306 1431 4374 i.
1446 4326 1493 4375 m.

530 4447 621 4511 Prior
636 4445 746 4511 Sancii
760 4444 853 4510 Fidis
866 4450 959 4510 tenet
971 4445 1155 4511 inmediate
1168 4445 1209 4509 de
1222 4442 1396 4511 heredibus
1410 4444 1531 4531 prefati
1556 4446 1690 4513 Roberti
1714 4452 1803 4513 certe
1828 4454 1930 4515 terres
1953 4457 1988 4518 et

484 4540 669 4599 tenemento
683 4535 718 4599 in
733 4534 848 4598 ecdem
861 4552 919 4618 per
933 4534 1107 4598 servicium
1121 4538 1237 4618 quarte
1250 4534 1354 4617 partie
1368 4534 1394 4619 j.
1410 4532 1435 4601 f.
1451 4554 1497 4601 m.

529 4670 634 4737 Heres
648 4671 805 4736 Willelmi
829 4668 1006 4755 Tendryng
1028 4675 1123 4735 tenet
1144 4670 1329 4737 inmediete
1354 4671 1396 4736 de
1424 4670 1541 4735 abbate
1570 4668 1683 4738 Sancti
1706 4671 1875 4741 Edmundi
1899 4681 1988 4743 certa

485 4766 586 4823 terras
598 4764 634 4823 et
647 4764 838 4824 tenementa
850 4758 887 4822 in
901 4758 1098 4826 Bsornnrss
1111 4778 1171 4843 per
1184 4759 1357 4824 mvicum
1371 4762 1487 4843 quarte
1501 4760 1604 4844 partie
1618 4759 1643 4846 j.
1658 4760 1682 4826 f.
1697 4781 1744 4827 m.

410 4894 413 4898 ’
529 4896 668 4961 Brianua
681 4894 723 4959 de
738 4892 915 4979 Stapiltou,
927 4895 1034 4973 miles,
1047 4899 1141 4959 tenet
1154 4894 1333 4960 inmedinte
1347 4879 1390 4960 de
1413 4893 1496 4961 duce
1522 4894 1691 4962 Noriollrie
1715 4902 1802 4963 certa
1827 4902 1929 4965 terras
1952 4906 1988 4967 ct

484 4990 669 5048 tenemento
682 4984 718 5046 in
735 4981 897 5051 Semeros
911 5002 969 5067 pcr
981 4984 1156 5049 servicium
1170 4983 1197 5069 j.
1212 4981 1237 5050 f.
1251 5003 1299 5050 m.

527 5120 668 5185 Thomas
681 5118 777 5185 Picot
791 5124 884 5185 tenet
897 5122 1074 5187 inmediate
1089 5121 1130 5187 de
1144 5120 1227 5187 duce
1241 5120 1411 5187 Norfollrie
1434 5127 1525 5187 certa
1549 5126 1653 5189 terras
1677 5128 1712 5188 et
1735 5130 1929 5191 tenemento
1952 5128 1987 5193 in

485 5210 600 5274 eadem
614 5227 673 5294 per
687 5207 861 5273 servicium
874 5208 900 5296 j.
915 5209 939 5275 f.
954 5230 1001 5277 m.
1925 5247 1928 5252 .

528 5348 716 5413 Lcdovvicus
744 5345 866 5411 Robert
894 5351 987 5412 tenet
1013 5346 1196 5411 inmediate
1225 5347 1267 5411 de
1297 5346 1379 5412 duce
1410 5344 1583 5413 Bedfordie
1612 5348 1794 5414 manerium
1823 5368 1919 5415 suum
1947 5351 1988 5417 dc

484 5436 692 5504 Rnnnusann
706 5455 782 5499 cum
796 5434 994 5519 pertinencis
1009 5454 1066 5518 pcr
1079 5435 1249 5499 servicium
1263 5434 1300 5519 ij.
1316 5434 1339 5500 t.
1355 5455 1401 5503 m.

526 5571 667 5635 Thomas
682 5568 748 5636 (lif
762 5574 856 5633 tenet
869 5567 1049 5633 inmediate
1064 5568 1107 5634 de
1121 5568 1243 5633 Briano
1257 5567 1299 5632 dc
1315 5567 1479 5664 Stppilton
1503 5574 1592 5635 certa
1618 5573 1722 5635 terras
1745 5576 1781 5639 et
1802 5576 1989 5641 uramenta

484 5660 519 5723 in
534 5658 682 5726 uenum
696 5678 753 5743 per
767 5658 941 5723 servicium
955 5657 1000 5722 di.
1016 5657 1039 5722 f.
1055 5678 1102 5723 m.

527 5796 711 5861 willelmus
740 5795 819 5860 Grit
847 5798 941 5859 tenet
969 5793 1150 5860 inmediate
1178 5798 1269 5858 certa
1292 5798 1395 5857 terrae
1423 5798 1460 5859 ct
1488 5798 1679 5863 tenemento
1706 5798 1742 5873 in
1771 5796 1919 5867 Nnnusnr
1947 5800 1989 5866 de

482 5882 654 5948 heredibus
668 5884 788 5969 Rogeri
804 5883 845 5946 de
860 5881 1088 5966 Huntyngleld
1102 5901 1161 5966 per
1175 5880 1351 5945 servicium
1367 5881 1412 5947 di.
1425 5880 1449 5947 i.
1460 5902 1507 5949 m.
1523 5902 1585 5968 quc
1600 5880 1765 5951 Johannes
1779 5884 1810 5951 le
1825 5885 1988 5973 straunge

481 5975 517 6036 et
531 5970 673 6036 Thomas
687 5972 729 6037 de
743 5971 774 6035 le
790 5970 895 6036 lethe
910 5970 1075 6057 quondam
1089 5972 1281 6037 tenuerunt.

551 6107 631 6160 19462
1871 6108 1923 6165 21<
