5000 7050
509 1059 573 1121 484
1147 1050 1369 1122 NORFOLK.

551 1341 717 1407 Johennes
742 1343 782 1407 de
805 1344 907 1408 Leem
930 1350 966 1408 et
988 1344 1165 1423 percenerii
1189 1346 1240 1408 sui
1263 1348 1379 1409 tenent
1405 1344 1441 1407 in
1464 1342 1597 1409 Bssnore
1622 1344 1657 1406 et
1685 1340 1821 1408 Bussou
1845 1340 2007 1405 decimum

507 1436 633 1515 partem
657 1431 683 1517 j.
698 1430 723 1496 f.
748 1451 791 1494 m.
818 1431 859 1496 de
881 1432 1028 1515 predicto
1049 1431 1177 1509 abbate,
1199 1438 1233 1494 et
1257 1430 1356 1495 abbas
1380 1432 1420 1495 de
1443 1450 1530 1514 rege,
1560 1429 1646 1514 quod
1661 1426 1827 1493 Johsnnes
1851 1426 1892 1493 de
1915 1428 2006 1507 Lem,

510 1523 692 1582 antecessor
705 1517 789 1601 ejus,
803 1519 964 1603 quondam
980 1520 1099 1583 tenuit.

554 1653 660 1719 Abbss
675 1654 785 1719 Sancti
801 1655 973 1719 Benedicti
988 1655 1028 1719 de
1042 1655 1166 1719 Hnlmo
1182 1658 1275 1719 tenet
1289 1655 1324 1717 in
1339 1654 1471 1721 Bssrou
1488 1658 1523 1718 et
1537 1654 1674 1723 Bessos
1698 1653 1856 1717 decimam
1882 1656 2007 1735 partem

509 1741 534 1827 j.
550 1740 575 1808 f.
590 1761 636 1807 m.
650 1742 692 1806 de
706 1762 795 1827 rege,
809 1741 895 1828 qnod
909 1742 1073 1807 Johannes
1087 1743 1127 1807 de
1142 1741 1300 1811 Cokeleld
1315 1741 1481 1823 quondam
1495 1743 1615 1806 tenuit.

555 1880 752 1965 Margensia,
774 1899 838 1964 que
868 1877 932 1942 fuit
963 1899 1041 1942 uxor
1070 1876 1229 1942 Johannis
1259 1878 1299 1941 de
1330 1875 1573 1963 Gymynghsm,
1603 1898 1677 1941 cum
1707 1879 1774 1941 suis
1804 1876 2006 1953 tenentibus,

392 1997 399 2017 ι
509 1966 670 2030 Johannes
683 1966 771 2030 filius
787 1967 937 2051 Hugonis
951 1966 1054 2050 Wype
1069 1966 1176 2029 etalii
1191 1971 1342 2030 tenentes
1358 1973 1392 2028 et
1418 1964 1633 2051 adquisitores
1657 1969 1919 2029 tenementorum
1944 1982 2006 2049 qne

510 2052 644 2117 luerunt
684 2051 808 2116 Thome
847 2052 970 2116 Pecohe
1007 2055 1042 2115 in
1081 2053 1259 2131 Hormus,
1288 2053 1443 2131 willon,
1484 2052 1716 2129 (laceramus,
1762 2050 2005 2129 annnmurom

510 2140 683 2219 Wssoonn,
694 2150 730 2204 et
739 2140 987 2207 Hmenssnaun
1001 2144 1118 2204 tenent
1131 2141 1155 2226 j.
1167 2138 1191 2205 1.
1204 2160 1251 2205 m.
1262 2140 1301 2203 de
1317 2140 1461 2223 predicto
1476 2139 1602 2218 ebbste,
1612 2145 1646 2203 et
1661 2139 1758 2202 ubbes
1773 2138 1814 2201 de
1824 2157 1910 2224 rege,
1921 2139 2005 2222 quod

510 2227 532 2291 J
534 2225 676 2292 ohannes
691 2229 732 2291 de
748 2225 979 2312 Gymynghem
994 2227 1158 2311 quondam
1173 2229 1292 2291 tenuit.
1392 2295 1405 2317 ο

553 2370 660 2434 Abbns
676 2369 975 2453 Sancti-Benedicti
989 2370 1030 2433 de
1045 2369 1169 2433 Hulmo
1184 2374 1277 2433 tenet
1295 2390 1351 2453 per
1375 2369 1540 2433 heronium
1565 2368 1745 2431 manerium
1771 2367 1812 2432 de
1838 2365 2024 2445 Horum·

511 2458 652 2524 Honnou
678 2458 797 2534 Sinoni
824 2456 997 2535 Jonsuurs,
1023 2458 1240 2524 Nnrnsnmna
1267 2464 1301 2521 et
1324 2454 1442 2523 Noasn
1457 2456 1627 2525 Wlnsnnu
1654 2455 1693 2519 de
1715 2454 1845 2519 domino
1860 2474 1935 2538 rege
1949 2473 2007 2537 pro

511 2545 547 2631 ij.
564 2546 588 2611 f.
604 2552 636 2608 et
653 2545 698 2609 di.
714 2564 760 2609 m.
776 2565 850 2608 cum
865 2545 939 2608 aliis
952 2546 1152 2608 tenementis
1166 2546 1280 2608 suiset
1295 2544 1457 2607 dominiis.

552 2684 702 2763 Isebella‚
715 2704 779 2768 que
793 2684 859 2747 fuit
876 2704 956 2748 uxor
981 2683 1121 2748 Gelfridi
1137 2684 1245 2769 Wyth,
1269 2688 1360 2748 tenet
1379 2686 1414 2747 in
1431 2684 1577 2762 Drunsu,
1596 2682 1799 2750 Susnnnsnn
1820 2681 1848 2767 j.
1865 2682 1888 2747 l.
1906 2702 1950 2747 m.
1967 2681 2006 2745 de

511 2771 676 2836 Willelmo
690 2772 731 2835 de
745 2772 778 2835 le
792 2770 924 2850 Rokele,
940 2777 976 2835 et
990 2770 1175 2835 willelmus
1189 2772 1230 2835 de
1243 2772 1366 2835 comite
1381 2770 1580 2848 Merescallo,
1595 2780 1628 2834 et
1643 2790 1749 2833 comes
1763 2770 1804 2832 de
1819 2789 1907 2855 rege,
1922 2768 2008 2854 quod

510 2857 675 2923 Gullridns
691 2858 791 2943 Wyth
805 2858 967 2942 quondam
983 2859 1103 2923 tenuit.

554 3000 712 3065 Robertus
735 3000 775 3063 de
801 2998 1043 3085 Gymynghem,
1066 3000 1262 3085 Margarets,
1286 3019 1350 3085 que
1364 2998 1430 3064 fuit
1445 3020 1524 3063 uxor
1539 2999 1696 3063 Johennis
1711 2997 1751 3063 de
1765 2996 2009 3083 Gymynghsm‚

510 3088 615 3151 Aliois
629 3087 669 3151 de
690 3086 827 3172 Reymes
850 3092 885 3151 et
910 3087 1093 3151 Willelmus
1117 3086 1225 3151 Dreke
1249 3107 1325 3151 oum
1349 3088 1415 3150 suis
1441 3086 1630 3151 tenentibus
1653 3090 1687 3149 et
1713 3086 1771 3149 ulii
1793 3084 2008 3168 adquisitores

504 3180 783 3251 tenementum,
806 3194 869 3258 que
895 3176 1028 3237 fuerunt
1053 3172 1213 3238 iohannis
1237 3174 1270 3237 la
1284 3172 1398 3257 Veylie
1423 3176 1459 3237 in
1486 3174 1663 3251 Homnae,
1679 3172 1893 3236 tenendus.
1909 3171 2008 3235 m.de

512 3261 651 3325 Roberto
664 3261 706 3325 de
720 3259 882 3325 Benehele
897 3266 933 3325 et
947 3261 1015 3324 Eva
1030 3281 1127 3325 uxore
1142 3260 1222 3346 ejus,
1237 3267 1271 3325 et
1286 3260 1338 3325 illi
1353 3260 1393 3324 de
1411 3282 1495 3345 rege,
1519 3261 1607 3343 quod
1632 3259 1816 3324 Willelmus
1840 3256 2007 3343 Gerbergh

512 3354 546 3413 et
561 3349 737 3431 percensui
752 3348 803 3411 sui
818 3347 981 3432 quondam
998 3354 1182 3413 tenuerunt.
1946 3340 1960 3364 '

555 3492 699 3576 Rogems
722 3489 838 3576 Gyney
852 3495 887 3555 et
912 3489 1068 3558 Bicurdus
1094 3492 1134 3556 de
1149 3490 1329 3577 Boylound‚
1344 3496 1457 3557 tenens
1471 3491 1574 3575 ipsius
1588 3470 1717 3575 Rogeri,
1734 3496 1846 3556 tenent
1859 3490 1906 3557 di.
1921 3489 1945 3556 1.
1962 3512 2006 3557 m.

512 3582 545 3644 in
569 3580 739 3648 Wsusnsu
764 3585 798 3643 et
824 3579 959 3645 Dmnsu
984 3579 1024 3643 de
1051 3581 1171 3644 comite
1193 3579 1352 3647 ,Suffolkie
1376 3585 1415 3643 ut
1439 3578 1477 3642 de
1493 3579 1612 3644 honore
1626 3579 1667 3642 de
1684 3577 1785 3662 Heye,
1799 3583 1833 3643 et
1848 3598 1954 3642 eomes
1968 3579 2008 3641 de

511 3689 597 3754 rege,
611 3667 697 3750 quod
712 3664 876 3731 Johunnes
891 3667 931 3730 de
947 3666 1135 3752 Smelbergh
1151 3669 1314 3751 quondam
1329 3667 1450 3732 tenuit.

556 3813 649 3876 Prior
661 3812 703 3875 de
718 3809 918 3889 Bromholm,
932 3811 1090 3875 Ricardus
1104 3812 1144 3875 de
1157 3810 1329 3875 Kelleshill
1344 3817 1379 3876 et
1393 3811 1546 3875 Alienore
1560 3831 1640 3876 uxor
1654 3809 1725 3897 ejus
1747 3815 1782 3873 et
1804 3806 1944 3873 'l'homss
1969 3810 2010 3872 de

512 3900 666 3985 Latymer
688 3903 721 3962 et
747 3899 799 3961 sui
823 3902 973 3962 tenentes
999 3905 1114 3963 tenent
1128 3899 1312 3962 manerium
1326 3899 1366 3963 de
1381 3898 1536 3965 Basanon
1553 3897 1593 3961 de
1609 3899 1728 3962 comite
1743 3895 1901 3960 Suffollrie
1917 3901 1954 3960 ut
1969 3897 2009 3961 de

511 3985 631 4050 honore
646 3986 687 4049 de
701 3985 794 4070 Heye
808 4005 865 4068 per
879 3985 1051 4048 servicium
1068 3984 1092 4072 j
1109 3985 1131 4048 f.
1147 4005 1193 4052 m.
1217 3993 1352 4070 excepte
1378 3987 1492 4071 quinta
1517 3990 1609 4068 perte
1635 3985 1717 4048 dieti
1739 3985 1886 4064 manerii,
1911 4003 2009 4068 quam

513 4075 620 4137 dictus
642 4073 729 4156 prior
754 4077 844 4134 tenet
867 4072 928 4135 sibi
944 4076 978 4136 et
994 4072 1227 4136 successoribus
1243 4075 1311 4136 suis
1325 4072 1366 4136 ad
1382 4072 1470 4136 feodi
1484 4071 1610 4135 firmem
1627 4091 1666 4135 ex
1680 4070 1870 4134 dimissione
1884 4071 2009 4134 domini

513 4161 600 4260 regis
615 4159 720 4244 petris
734 4157 859 4260 domiui
873 4160 1060 4262 regis'nqnc
1075 4159 1241 4262 reddendo
1261 4180 1320 4243 per
1343 4179 1466 4223 sunum
1492 4159 1538 4260 ad·
1558 4158 1757 4260 scaccarium·
1777 4156 1911 4259 domini·
1927 4159 2010 4259 regis

512 4244 1168 4417 11111111111111111ῖὲ
1186 4247 1322 4396 llil
1334 4245 1814 4416 ltlptlffiflffll
1828 4250 2010 4415 tillut

512 4421 767 4506 essigneoionem
783 4418 907 4482 domini
922 4422 1027 4506 regis3
1045 4426 1080 4483 et
1094 4421 1260 4505 predictus
1275 4440 1382 4484 eomes
1398 4425 1491 4483 tenet
1504 4418 1629 4482 dictum
1645 4419 1799 4481 honorem
1813 4417 1854 4481 de
1879 4417 2010 4502 domino

513 4529 597 4593 rege,
622 4507 709 4591 quod
732 4507 897 4570 comitisse
923 4506 1086 4571 Gornubie
1110 4512 1146 4571 et
1171 4509 1350 4591 percenerii
1376 4506 1429 4572 sni
1454 4507 1618 4592 qnondam
1642 4510 1828 4570 tenuerunt.
1875 4503 1924 4569 De
1947 4525 2011 4589 quo

514 4595 607 4659 feodo
621 4614 679 4677 pro
693 4595 842 4676 porcione
857 4593 939 4657 dicti
954 4594 1071 4677 prioris
1086 4613 1141 4677 per
1156 4594 1253 4659 breve
1268 4593 1370 4681 viij.s.
1430 4635 1439 4645 -
1531 4634 1542 4644 ·
1633 4633 1642 4644 ·
1732 4631 1743 4642 -
1833 4631 1843 4642 -
1932 4591 2009 4658 xis.

557 4736 722 4802 iohannes
738 4734 851 4800 Strech
878 4740 970 4801 tenet
995 4739 1174 4801 manerium
1200 4738 1241 4802 de
1269 4738 1459 4815 Tousrnnn,
1487 4738 1722 4807 Sessaswosna
1745 4740 1779 4799 et
1803 4737 1944 4803 Hounou
1970 4735 2011 4800 de

513 4826 631 4891 honore
657 4825 842 4888 Lancastrie
867 4844 925 4908 pro
945 4823 974 4908 j.
991 4824 1015 4889 f.
1032 4846 1076 4889 m.
1093 4824 1134 4888 de
1158 4845 1225 4907 quo
1249 4825 1342 4890 feodo
1368 4821 1534 4889 Johannes
1560 4821 1695 4887 Bardoli
1716 4822 1756 4886 de
1783 4821 2009 4907 Spykesworth

513 4918 628 4978 tenent
651 4916 875 4976 tenementum
899 4912 933 4973 in
962 4912 1199 4979 Seruaswoasn
1223 4933 1282 4997 pro
1308 4912 1352 4978 di.
1370 4912 1393 4977 f.
1419 4917 1455 4976 et
1480 4910 1664 4975 Willelmus
1689 4908 1729 4973 de
1755 4907 1953 4992 Grostweyth
1976 4917 2011 4974 et

512 4999 691 5085 percenarii
707 5000 756 5063 sni
771 5003 889 5062 tenent
903 5002 1131 5063 tenementum
1148 4999 1183 5061 iu
1201 4999 1342 5066 Hoorou
1357 4998 1398 5063 de
1412 4997 1525 5064 eodem
1539 4996 1635 5062 feodo
1649 5017 1707 5081 pro
1722 5005 1757 5059 x·
1776 5001 1869 5082 parte
1883 4997 1908 5082 j.
1925 4997 1949 5061 1.
1965 5015 2010 5062 m.

511 5095 546 5152 et
568 5107 676 5151 comes
705 5086 892 5150 Lancestrie
921 5091 1014 5150 tenet
1043 5086 1170 5151 dictum
1201 5088 1383 5151 manerium
1414 5086 1455 5150 de
1482 5105 1571 5171 rege,
1601 5085 1687 5168 qnod
1717 5081 1856 5147 Thomas
1886 5081 2011 5167 Grilley

513 5175 674 5261 quondam
690 5174 801 5237 tenuit
906 5213 916 5222 -
1009 5214 1019 5224 -
1066 5194 1069 5201 ·
1111 5212 1121 5224 -
1214 5214 1225 5226 ·
1316 5215 1326 5225 -
1386 5179 1387 5184 ’
1417 5209 1835 5224 -----
1924 5189 2010 5237 xm.

556 5320 718 5384 Johsnnes
747 5315 913 5400 Ohepmnn
944 5319 985 5379 de
1016 5317 1180 5401 Westwyk
1210 5338 1287 5382 oum
1317 5319 1385 5382 suis
1414 5315 1604 5382 tenentibus
1633 5321 1668 5378 et
1701 5314 1760 5378 elii
1800 5314 2013 5399 adquisitores

511 5407 704 5484 tesmenti,
723 5403 809 5490 qnod
832 5403 896 5466 fuit
919 5402 1079 5467 Willelmi
1105 5403 1237 5485 Bolour,
1251 5409 1368 5470 tenent
1392 5405 1427 5467 in
1451 5403 1627 5472 Wnsnwrs
1649 5401 1838 5465 vicesimum
1861 5406 2012 5486 quartam

510 5500 636 5580 purtem
650 5493 676 5580 j.
691 5492 715 5557 f.
731 5512 776 5556 m.
793 5491 833 5554 de
848 5490 975 5573 Rogero
990 5491 1031 5554 de
1046 5490 1161 5571 Hales,
1176 5497 1212 5556 et
1227 5492 1374 5575 Rogerus
1390 5492 1429 5556 de
1452 5492 1572 5554 comite
1587 5488 1787 5567 Warrennie,
1802 5501 1837 5553 et
1851 5508 1958 5552 eomes
1971 5489 2012 5552 de

511 5603 597 5668 rege,
611 5580 696 5667 quod
710 5577 876 5662 quondum
891 5582 1044 5642 tenentes
1057 5580 1241 5643 tenementi
1258 5578 1401 5644 Galfridi
1416 5577 1536 5646 Bolour
1550 5581 1729 5641 tennerunt
1823 5615 1834 5625 -
1922 5577 2011 5642 xnd.

555 5732 722 5799 Johannes
737 5726 778 5792 de
791 5724 967 5809 Hemesby‚
981 5726 1087 5791 Adam
1101 5727 1250 5812 'l'ynkere
1266 5748 1342 5792 cnm
1359 5727 1425 5792 suis
1440 5723 1629 5790 tenentibus
1641 5729 1675 5787 et
1690 5723 1886 5806 perceneriis
1900 5729 2012 5790 tenent

510 5823 546 5886 in
563 5821 767 5890 Sunuenoun
781 5821 839 5879 1⁸¹²
853 5817 980 5897 partem
989 5813 1017 5899 j.
1033 5814 1058 5881 f.
1074 5835 1118 5882 m.
1134 5816 1173 5879 de
1188 5814 1317 5881 Olivero
1334 5811 1445 5900 Wyth,
1466 5817 1501 5876 et
1519 5811 1576 5875 ille
1602 5809 1644 5874 ds
1669 5809 1789 5874 comite
1815 5807 2010 5889 Werrennie,

514 5914 549 5973 et
563 5907 620 5970 ille
635 5904 677 5968 de
691 5921 778 5986 rege,
786 5901 872 5991 quod
883 5899 1068 5967 Willelmus
1082 5902 1122 5966 de
1134 5902 1211 5990 Hcg
1225 5908 1262 5968 et
1275 5901 1451 5988 pernenerii
1467 5899 1516 5963 sni
1531 5897 1695 5984 quondam
1711 5901 1899 5975 tenuerunt,
1918 5895 2010 5986 iilius
