5000 7050
1148 1065 1231 1131 Al).
1256 1067 1352 1132 1346.

933 1352 1049 1419 Fsons
1071 1353 1263 1421 HENRICI
1286 1350 1554 1420 HASTINGES.

531 1503 679 1593 Rogems
694 1506 845 1574 cobildik
858 1516 974 1579 tenent
988 1514 1013 1600 j.
1029 1516 1054 1580 f.
1070 1516 1105 1579 in
1122 1516 1343 1582 Fonrrucsou
1358 1519 1394 1579 et
1408 1513 1536 1590 Diues,
1557 1510 1644 1597 qnod
1669 1510 1867 1574 Laurencius
1890 1510 1933 1574 de
1955 1509 1988 1574 ls

488 1590 597 1658 Rcche
610 1597 775 1679 quondum
790 1601 911 1666 tenuit.

531 1731 676 1817 Rogerus
698 1733 739 1798 de
761 1734 876 1821 Crescy
890 1742 983 1804 tenet
995 1738 1041 1826 vj.
1056 1744 1182 1824 partem
1197 1740 1223 1825 j.
1239 1739 1263 1805 s.
1279 1741 1314 1803 iu
1331 1741 1452 1817 Assur,
1467 1757 1567 1823 quam
1582 1735 1766 1799 Willelmus
1780 1735 1822 1799 de
1836 1733 1991 1798 Psuntou

494 1813 673 1904 [quondum
688 1820 829 1910 tenuit}

527 1955 672 2039 Rogerus
700 1958 741 2023 de
771 1958 921 2026 Gobildilr
950 1967 1044 2028 tenet
1072 1963 1118 2028 di.
1145 1964 1169 2029 f.
1198 1963 1235 2026 in
1268 1963 1431 2040 sorsum,
1459 1961 1546 2047 quod
1574 1958 1740 2025 Johsnnes
1772 1959 1813 2024 de
1850 1957 1990 2042 Soterby

495 2039 673 2129 [quondam
688 2044 831 2134 tenuit].

530 2180 714 2248 Willolmus
738 2185 865 2249 Berent
894 2193 929 2251 et
953 2186 1137 2251 willelmus
1167 2189 1208 2251 de
1235 2183 1445 2272 Assworthby
1473 2189 1588 2252 tenent
1614 2184 1674 2270 iiij.
1702 2188 1829 2268 partem
1850 2183 1878 2269 j.
1904 2183 1927 2250 l.
1955 2183 1992 2247 in

487 2267 665 2349 anusnr,
680 2292 778 2357 qnam
792 2272 887 2337 Eudo
903 2273 1029 2339 Berent
1044 2274 1209 2360 quondum
1223 2274 1344 2342 tenuit.
1417 2365 1422 2376 ¹

531 2404 674 2491 Regesne
696 2408 737 2473 de
760 2409 911 2475 cobildik
931 2415 1023 2476 tenet
1046 2411 1095 2496 iij.
1110 2415 1238 2495 purtem
1247 2410 1276 2496 j.
1293 2410 1317 2476 l.
1334 2412 1370 2474 in
1386 2411 1571 2477 Aswssnsr
1587 2419 1624 2473 et
1638 2409 1854 2488 Emisenos,
1876 2405 1989 2495 [quem

487 2490 654 2559 Johsnnes
668 2495 708 2560 de
722 2496 911 2580 Herington
925 2499 1088 2583 quondum
1104 2496 1244 2586 tenuit].

532 2628 707 2714 Johanncs,
721 2633 809 2698 filius
822 2638 857 2698 et
870 2635 964 2699 heres
978 2636 1048 2702 Ado
1062 2637 1104 2700 de
1119 2636 1236 2716 Welle‚
1264 2638 1358 2701 tenet
1383 2657 1414 2700 x.
1442 2637 1572 2720 purtem
1591 2633 1620 2718 j.
1637 2633 1660 2699 f.
1677 2633 1712 2697 in
1741 2633 1865 2713 Sum,
1891 2653 1990 2716 quam

488 2715 636 2803 Rogerus
649 2721 691 2784 de
708 2721 842 2807 Soterby
857 2722 1023 2807 quondam
1037 2725 1158 2792 tenuit.

1017 3089 1133 3155 Frons
1155 3086 1455 3156 MARESOALLI.

531 3247 716 3313 Willelmus
734 3250 775 3314 de
789 3251 889 3330 Aron,
906 3250 929 3315 J
929 3249 1072 3317 ohannes
1086 3253 1127 3318 de
1141 3251 1329 3334 Tethesrell,
1344 3255 1380 3316 et
1397 3251 1579 3315 Willelmus
1594 3251 1779 3336 Frsunoeys
1795 3256 1911 3316 tenent
1921 3251 1948 3335 j.
1966 3249 1990 3315 f.

486 3340 523 3398 et
544 3334 590 3400 di.
605 3340 639 3401 et
654 3336 737 3424 iiij‘¹
751 3343 879 3422 purtem
899 3338 929 3422 j,
944 3340 970 3405 f.
995 3339 1031 3404 in
1055 3340 1299 3420 Tusruuwuuu,
1324 3360 1388 3426 que
1416 3337 1601 3403 Willelmus
1624 3337 1749 3405 Tochet
1771 3343 1806 3403 et
1832 3340 1911 3404 socii
1936 3340 1987 3402 sui

486 3422 652 3506 quondam
666 3429 856 3490 tenuerunt.

529 3559 622 3623 Prior
635 3561 818 3646 Hospitalis
833 3561 946 3627 Sencti
961 3563 983 3628 J
984 3562 1122 3629 ohannis
1136 3570 1229 3630 tenet
1243 3566 1288 3630 xl.
1305 3569 1433 3649 partem
1449 3560 1590 3647 predicti
1605 3564 1629 3630 f.

530 3697 624 3761 Prior
644 3700 828 3784 Hospitalis
853 3700 966 3765 Ssncti
980 3700 1140 3766 Johsnnis
1154 3700 1338 3766 Jerusalem
1353 3700 1388 3764 in
1405 3700 1524 3785 Anglis
1538 3705 1632 3766 tenet
1648 3699 1708 3787 iiij
1725 3703 1835 3784 partes
1850 3698 1896 3766 di.
1912 3697 1937 3765 f.
1955 3704 1991 3763 et

486 3805 534 3850 co.
549 3791 675 3870 purtem
691 3788 839 3872 ejusdem
854 3786 880 3854 f.

531 3922 623 3987 Prior
636 3923 678 3989 de
693 3926 898 4012 Alvynghsm
913 3930 1004 3991 tenet
1019 3948 1070 3994 xx.
1085 3932 1213 4011 purtem
1229 3925 1369 4011 predicti
1383 3924 1408 3991 f.

531 4060 638 4125 Abbns
653 4062 693 4126 de
708 4061 810 4127 Psrco
825 4063 918 4129 Lude
932 4067 1025 4130 tenet
1039 4085 1068 4131 c.
1083 4069 1211 4149 purtem
1226 4063 1368 4150 predicti
1382 4062 1406 4130 f.

530 4196 747 4263 (¹)Willelmus
775 4199 971 4265 Mersschell
999 4206 1091 4266 tenet
1125 4207 1246 4266 terrem
1283 4221 1376 4266 suam
1412 4202 1448 4265 in
1486 4200 1753 4282 Inconnunsnus,
1790 4200 1924 4279 Buscn,
1954 4204 1988 4265 et

488 4286 676 4365 Pssrrusr,
691 4293 742 4351 set
756 4290 901 4353 nescitur
915 4310 974 4373 pro
989 4295 1125 4373 quanto.

530 4423 552 4488 J
553 4402 696 4490 olmnnes
710 4425 797 4490 filius
813 4425 956 4491 Simonis
969 4427 1031 4491 filii
1045 4427 1207 4492 Gnidonis
1221 4427 1263 4492 de
1278 4426 1442 4511 Wnynflet
1457 4429 1549 4490 tenet
1564 4425 1609 4491 di.
1626 4426 1649 4491 f.
1674 4422 1723 4513 [in
1747 4422 1983 4512 Fsrsunuurn]

486 4518 623 4597 excepta
637 4536 665 4579 c.
682 4517 785 4597 purte,
801 4515 888 4599 quod
902 4514 1016 4579 Simon
1030 4515 1117 4579 filius
1132 4514 1294 4580 Gnidonis
1307 4514 1473 4599 quondam
1487 4514 1607 4579 tenuit.

530 4648 671 4714 Thomas
692 4650 734 4715 de
760 4650 898 4735 Soterby
921 4655 1014 4717 tenet
1038 4652 1109 4736 viij.
1130 4656 1258 4736 perlem
1268 4649 1296 4736 j.
1312 4649 1337 4716 f.
1353 4652 1388 4714 in
1404 4651 1620 4731 Dssxrnosr,
1636 4668 1733 4734 quem
1750 4648 1933 4714 Willelmus
1947 4648 1989 4714 de

486 4736 601 4801 endem
615 4738 782 4822 quondam
798 4740 920 4806 tenuit.
1683 4750 1688 4777 ¹

529 4873 748 4939 <¹>Wsslelmns
768 4874 965 4941 Meresehnll
989 4879 1083 4941 tenet
1104 4885 1224 4941 terrem
1249 4895 1343 4940 suern
1366 4876 1402 4939 in
1427 4828 1644 4943 Nosrucorss
1667 4877 1700 4939 et
1728 4874 1914 4954 lucenses,
1939 4878 1990 4939 set

487 4962 630 5027 nescitur
643 4982 703 5046 pro
717 4968 851 5047 quanto.

530 5096 706 5164 (¹)Heredes
716 5099 808 5164 Petri
819 5101 861 5164 de
870 5098 1043 5179 Goushuss,
1052 5098 1216 5185 deulphi
1226 5099 1434 5179 Nunnemm,
1447 5098 1581 5163 Roberti
1590 5097 1630 5163 de
1639 5096 1798 5179 Ritsorth,
1808 5103 1844 5161 et
1852 5096 1988 5162 Roberti

486 5187 601 5254 Scures
615 5193 731 5251 tenent
746 5185 784 5274 ij.
799 5188 824 5253 f.
839 5189 877 5251 in
892 5188 1143 5270 Kuumcnouu,
1156 5208 1221 5273 que
1239 5187 1420 5252 Willelmus
1435 5186 1615 5251 Mareschsl
1630 5190 1665 5251 et
1679 5205 1787 5250 comes
1808 5182 1988 5249 Mereschal

486 5276 650 5361 quondam
664 5280 853 5341 tenuerunt.

419 5489 424 5497 .
530 5414 637 5479 Abbes
651 5412 693 5477 de
707 5412 875 5477 Thorntcn
890 5417 982 5477 tenet
992 5412 1021 5499 j.
1037 5412 1061 5478 f.
1077 5413 1113 5477 in
1128 5411 1379 5479 Krnnnrouourr.

530 5551 636 5615 Abbss
650 5550 692 5615 de
705 5548 862 5614 Neuhous
875 5552 970 5614 tenet
984 5548 1030 5615 di.
1046 5550 1070 5615 l.
1086 5550 1122 5616 in
1137 5550 1390 5616 Kmurucuonu.

528 5688 633 5753 Abbes
656 5687 697 5752 de
722 5684 942 5773 Killingholm
969 5688 1096 5765 (rectos
1122 5687 1302 5766 Thornton)
1329 5688 1425 5749 tenet
1450 5682 1497 5747 di.
1513 5682 1538 5749 f.
1562 5683 1597 5748 in
1622 5682 1872 5759 Krrumouoms,
1899 5678 1986 5765 quod

485 5776 629 5862 Rogerus
642 5774 684 5840 de
698 5774 905 5860 Kotinghsm
919 5776 954 5839 et
969 5773 1153 5838 Willelmus
1168 5774 1289 5839 Berner
1303 5771 1467 5857 quondum
1482 5775 1672 5837 tenuerunt.

1140 5974 1172 6041 (¹)
1185 5977 1219 6025 As
1230 5973 1260 6025 in
1272 5972 1346 6027 180³.
