5000 7050
529 1062 593 1128 658
1174 1055 1399 1128 uouuonlt.

525 1349 940 1526 Βοξὴορέαεθῌίζηςὴεω
967 1358 1060 1418 tenet
1090 1373 1194 1418 unum
1225 1355 1428 1438 quarterium
1460 1354 1484 1440 j.
1512 1355 1536 1420 t.
1560 1376 1606 1423 m.
1629 1357 1665 1418 in
1695 1354 1844 1424 Gnrsrou
1874 1357 2042 1441 qnondam

599 1462 647 1505 err
684 1462 701 1505 e
750 1459 795 1503 ns
811 1462 865 1506 on.
1407 1491 1412 1504 .

572 1597 696 1661 Dicunt
710 1599 815 1662 eciam
829 1599 991 1684 juratores
1006 1600 1147 1683 predicti
1162 1599 1248 1683 quod
1264 1599 1355 1664 nulle
1370 1607 1447 1665 sunt
1463 1600 1527 1665 alie
1541 1621 1677 1686 persone
1692 1603 1759 1664 sive
1782 1605 1933 1667 tenentes
1954 1602 2043 1666 infra

527 1685 736 1748 hundredum
762 1687 946 1769 predictum
972 1688 1084 1751 seisite
1109 1689 1145 1751 in
1169 1689 1333 1751 dominico
1357 1708 1413 1752 suo
1428 1689 1609 1753 inmediate
1623 1695 1662 1754 ut
1676 1688 1717 1753 de
1732 1688 1834 1754 libero
1848 1695 2042 1754 tenemento

527 1774 616 1836 unde
630 1774 720 1837 idem
736 1794 870 1856 persone
885 1775 954 1837 sive
968 1779 1119 1839 tenentes
1141 1777 1371 1858 possessionati
1397 1777 1544 1839 existunt
1567 1777 1624 1862 qui
1648 1781 1761 1840 tenent
1784 1797 1844 1859 per
1867 1779 2041 1863 integrum

526 1859 659 1924 feodum
675 1860 803 1939 militis,
819 1861 1043 1940 medietatem,
1058 1864 1195 1927 terciam
1211 1862 1263 1926 vel
1277 1869 1428 1948 quartam
1443 1868 1570 1948 partem
1585 1863 1608 1927 t.
1625 1884 1670 1929 m.
1687 1863 1854 1930 inclusive.

570 2021 611 2084 In
640 2020 735 2106 cujus
763 2024 812 2086 rei
848 2023 1079 2088 testimonium
1112 2023 1276 2108 juratores
1312 2025 1453 2108 predicti
1488 2023 1567 2090 huic
1595 2026 1806 2111 inquisicioni
1839 2026 1950 2112 sigula
1980 2047 2042 2092 sua
2069 2032 2073 2038 '

524 2116 754 2192 apposuerunt.
800 2107 925 2175 Datum
939 2111 1003 2188 die,
1017 2110 1087 2175 loco
1102 2117 1138 2176 et
1151 2131 1237 2176 anno
1253 2112 1456 2196 supradictis.

991 2490 1213 2558 Huununnuu
1236 2511 1280 2555 nn
1304 2489 1573 2558 GRYMSOWE.

564 2672 744 2758 Inquisicio
769 2678 865 2758 capta
888 2674 976 2758 apud
1001 2673 1154 2738 Stentord
1178 2675 1232 2739 die
1257 2675 1375 2739 Martis
1400 2676 1549 2758 proximo
1577 2679 1657 2738 ante
1687 2673 1808 2738 festum
1838 2675 2039 2740 Natiuitatis

521 2759 633 2825 Sancti
655 2760 814 2825 Johaunis
839 2761 990 2844 Baptiste
1016 2783 1102 2825 anno
1128 2764 1221 2846 regni
1246 2765 1332 2846 regie
1356 2762 1492 2825 Henrici
1516 2763 1599 2825 sexti
1622 2768 1715 2825 sexto
1739 2763 1773 2824 in
1798 2761 1970 2826 hundredo
1995 2765 2037 2826 de

521 2848 708 2930 Grymsowe
736 2851 912 2912 comitatus
948 2847 1117 2912 Norsolkie
1146 2870 1254 2912 eoram
1291 2849 1449 2912 Nicholao
1487 2847 1638 2927 castelle,
1667 2847 1832 2913 Willelmo
1869 2849 2036 2928 Waltone‚

520 2934 659 2998 Ricardo
690 2936 777 2999 Bour
811 2941 844 2999 et
881 2938 978 2999 sociis
1016 2938 1083 2999 suis
1121 2936 1349 2999 collectoribus
1372 2936 1523 3024 ¹subsidii
1558 2937 1683 2999 domini
1719 2938 1807 3019 regis
1837 2937 1871 2998 in
1910 2937 2034 3000 ultimo

520 3020 742 3086 Parliamento
769 3043 827 3085 sua
856 3023 944 3107 apud
970 3023 1298 3087 westmonasterium
1324 3025 1359 3087 in
1390 3023 1555 3108 quindena
1576 3022 1689 3087 Sancti
1711 3023 1883 3088 Michaelis
1913 3025 2035 3088 ultima

519 3111 676 3192 preterita
700 3115 793 3173 tento
819 3115 853 3173 et
879 3111 1026 3174 concessi
1052 3132 1110 3193 per
1132 3115 1372 3175 sacramentum
1397 3109 1522 3174 Thorne
1547 3110 1725 3194 Chapmau,
1750 3109 1911 3175 Johaunis
1939 3113 2032 3192 Este,

521 3195 678 3260 Willelmi
693 3195 828 3275 Barbor,
842 3196 974 3261 Ricardi
989 3197 1140 3276 Hubert,
1156 3197 1314 3262 Johaunis
1329 3195 1487 3262 Lexham.
1511 3195 1642 3261 Ricardi
1658 3197 1855 3282 Mannynge,
1872 3198 2033 3264 Willelmi

520 3283 647 3363 Itukke,
669 3285 794 3347 Thorne
820 3284 961 3363 Conone,
986 3284 1122 3349 Henrici
1138 3284 1268 3369 Smyth,
1294 3283 1446 3349 Nicholni
1474 3284 1599 3370 Pygge‚
1625 3285 1759 3349 Roberti
1786 3285 1969 3370 Scheppard
1997 3294 2034 3350 et

520 3370 680 3434 Willelmi
696 3369 922 3456 Inglysthorp,
932 3372 1127 3454 juratorum,
1144 3375 1201 3457 qui
1217 3374 1332 3436 dicunt
1347 3393 1406 3457 per
1431 3379 1668 3437 sacramentum
1695 3393 1791 3436 suum
1807 3373 1892 3458 quod
1917 3394 2033 3439 omnes

518 3478 651 3543 persone
680 3459 716 3521 in
746 3461 813 3522 ista
841 3460 1059 3546 inquisicione
1088 3462 1258 3524 nominate
1289 3467 1367 3523 sunt
1396 3461 1509 3523 scisite
1532 3465 1567 3523 et
1595 3461 1830 3544 possessiouate
1856 3465 2032 3527 eteorum

516 3547 657 3631 quilibet
673 3554 724 3610 est
738 3549 872 3611 seisitus
887 3554 922 3611 et
936 3548 1192 3631 possessionatus
1207 3548 1247 3612 de
1262 3550 1357 3613 terris
1372 3554 1406 3612 et
1421 3550 1618 3611 tenementis
1632 3549 1667 3611 in
1682 3550 1844 3613 dominico
1860 3569 1918 3621 suo
1932 3556 1973 3612 ut
1986 3550 2031 3614 de

516 3634 617 3698 libero
631 3641 822 3699 tenemento
838 3656 895 3699 suo
909 3642 942 3699 et
957 3643 1075 3700 tenent
1090 3656 1147 3700 seu
1163 3641 1258 3701 tenet
1280 3637 1376 3699 modo
1398 3642 1432 3700 et
1458 3636 1562 3700 forma
1587 3638 1644 3721 qui
1669 3640 1848 3722 sequuntur
1874 3636 2032 3701 videlicet

517 3720 667 3807 quod:-

558 3935 702 4002 Tbomas
717 3938 861 4003 Turrelle
876 3942 968 4002 tenet
978 3939 1007 4022 j.
1024 3940 1048 4004 f.
1064 3961 1108 4004 m.
1126 3941 1159 4002 in
1177 3940 1314 4017 lomus,
1332 3938 1496 4023 quondam
1512 3937 1669 4007 Willelmi
1685 3936 1791 4047 Bylet.

517 4098 715 4254 cReicmdus
741 4097 898 4164 Carbonel
923 4104 1013 4164 tenet
1040 4101 1163 4165 ibidem
1190 4103 1234 4166 di.
1253 4102 1275 4164 f.
1293 4122 1335 4164 m.
1361 4102 1523 4185 quondam
1550 4098 1707 4162 Willelmi
1734 4096 1793 4161 tilii
1821 4096 1957 4207 Roberti
1984 4100 2027 4165 de

543 4207 578 4250 as
595 4207 667 4251 one.

561 4347 720 4411 Ricardus
735 4348 850 4434 Gegge
864 4354 960 4415 tenet
974 4350 1099 4415 ibidem
1115 4352 1160 4419 di.
1178 4351 1201 4417 f.
1218 4374 1263 4417 m.
1281 4352 1444 4437 quondam
1459 4348 1618 4416 Johaunis
1633 4349 1674 4413 de
1687 4348 1811 4432 uouye.

558 4512 744 4577 Willelmus
760 4511 953 4577 Debenham
969 4520 1062 4579 tenet
1076 4517 1112 4579 in
1128 4516 1319 4582 Mounroun
1335 4517 1379 4579 di.
1395 4514 1419 4579 f.
1435 4536 1479 4580 m.
1497 4515 1657 4599 quondam
1674 4511 1801 4577 Warini
1816 4510 1858 4576 de
1872 4510 1995 4577 insula.

514 4675 710 4828 Mquprtps
735 4676 907 4742 Mondford
928 4682 1020 4743 tenet
1047 4679 1172 4744 ibidem
1198 4700 1300 4743 unum
1327 4680 1528 4765 quarterium
1554 4678 1578 4746 t
1602 4696 1646 4741 m.
1671 4674 1836 4760 quondam
1862 4672 2023 4740 Johaunis

551 4783 591 4826 on
630 4784 665 4827 or
689 4812 697 4827 .

514 5012 540 5074 Β
556 4924 741 5076 ῩέίΠεΙωιιε
756 4926 868 5010 Payne
882 4933 975 4994 tenet
991 4931 1024 4993 in
1041 4931 1201 4998 Lruroan
1227 4952 1330 4995 unum
1354 4928 1553 5016 quarterium
1578 4926 1601 4994 f.
1617 4948 1663 4993 m.
1684 4924 1849 5010 quondam
1865 4926 2022 4991 Willelmi

541 5035 561 5077 a
600 5033 696 5097 wyne.

555 5178 718 5241 Henricus
734 5178 848 5243 Somer
862 5186 954 5245 tenet
970 5183 1004 5246 in
1021 5184 1235 5250 Inrsnouown
1250 5184 1296 5249 di.
1312 5186 1334 5249 t.
1352 5203 1395 5245 m.
1412 5179 1575 5266 qnondam
1592 5178 1725 5243 Roberti
1740 5176 1929 5263 Longtoite.

509 5334 693 5487 D'lrhoms
707 5337 866 5404 Tolbothe
881 5347 971 5405 tenet
987 5343 1021 5405 in
1039 5344 1251 5409 Nonnuwonn
1267 5361 1371 5405 unum
1386 5340 1586 5426 quarterium
1602 5337 1625 5402 f.
1642 5356 1686 5401 m.
1710 5334 1873 5418 quondam
1895 5332 2019 5399 Thome

541 5446 560 5489 a
584 5445 676 5509 eney.

510 5582 691 5735 B'q'hlomas
712 5584 872 5649 Tolbothe
899 5591 991 5651 tenet
1017 5589 1141 5653 ibidem
1166 5610 1269 5653 unum
1293 5587 1496 5675 quarterium
1520 5583 1544 5649 f.
1561 5603 1605 5647 m.
1621 5579 1783 5667 quondam
1806 5534 1966 5643 Johaunis
1985 5579 2017 5645 le

539 5693 558 5736 o
575 5692 593 5735 e
607 5692 652 5738 er.

554 5831 732 5916 Episcopus
756 5832 898 5897 Eliensis
924 5839 1015 5899 tenet
1042 5837 1185 5905 maneria
1209 5856 1268 5900 sua
1293 5834 1415 5901 ibidem
1442 5837 1475 5895 et
1508 5828 1573 5921 [in]
1608 5828 1814 5897 anrweuun
1844 5843 1900 5913 per
1929 5829 2017 5913 quod

511 5918 683 5983 servicium
699 5919 879 6005 ignoratur.
