<?xml version="1.0" encoding="UTF-8"?>
<!DOCTYPE html PUBLIC "-//W3C//DTD XHTML 1.0 Transitional//EN"
    "http://www.w3.org/TR/xhtml1/DTD/xhtml1-transitional.dtd">
<html xmlns="http://www.w3.org/1999/xhtml" xml:lang="en" lang="en">
 <head>
  <title>
</title>
<meta http-equiv="Content-Type" content="text/html;charset=utf-8" />
  <meta name='ocr-system' content='tesseract 3.04.00' />
  <meta name='ocr-capabilities' content='ocr_page ocr_carea ocr_par ocr_line ocrx_word'/>
</head>
<body>
  <div class='ocr_page' id='page_1' title='image "./inquisitionsand00offigoog_0278.png"; bbox 0 0 5000 7050; ppageno 0'>
   <div class='ocr_carea' id='block_1_1' title="bbox 552 1109 1409 1215">
    <p class='ocr_par' dir='ltr' id='par_1_1' title="bbox 552 1109 1409 1215">
     <span class='ocr_line' id='line_1_1' title="bbox 552 1109 1409 1215; baseline -0.002 -39"><span class='ocrx_word' id='word_1_1' title='bbox 552 1114 616 1176; x_wconf 82' lang='lat'>262</span> <span class='ocrx_word' id='word_1_2' title='bbox 1204 1109 1409 1215; x_wconf 83' lang='lat' dir='ltr'><strong>LINCOLN.</strong></span> 
     </span>
    </p>
   </div>
   <div class='ocr_carea' id='block_1_2' title="bbox 476 1385 2053 1651">
    <p class='ocr_par' dir='ltr' id='par_1_2' title="bbox 476 1385 2053 1651">
     <span class='ocr_line' id='line_1_2' title="bbox 476 1385 2053 1476; baseline -0.005 -19"><span class='ocrx_word' id='word_1_3' title='bbox 476 1449 481 1457; x_wconf 83' lang='lat'><em>.</em></span> <span class='ocrx_word' id='word_1_4' title='bbox 552 1392 709 1456; x_wconf 91' lang='lat' dir='ltr'>Willelmi</span> <span class='ocrx_word' id='word_1_5' title='bbox 725 1393 881 1457; x_wconf 84' lang='lat' dir='ltr'>Proctouv</span> <span class='ocrx_word' id='word_1_6' title='bbox 894 1395 935 1458; x_wconf 93' lang='lat' dir='ltr'>de</span> <span class='ocrx_word' id='word_1_7' title='bbox 951 1394 1124 1473; x_wconf 85' lang='lat' dir='ltr'>Oxcombe‚</span> <span class='ocrx_word' id='word_1_8' title='bbox 1139 1393 1295 1458; x_wconf 87' lang='lat' dir='ltr'>Willelmi</span> <span class='ocrx_word' id='word_1_9' title='bbox 1311 1392 1418 1476; x_wconf 81' lang='lat' dir='ltr'>Thorp</span> <span class='ocrx_word' id='word_1_10' title='bbox 1441 1393 1481 1456; x_wconf 93' lang='lat' dir='ltr'>de</span> <span class='ocrx_word' id='word_1_11' title='bbox 1504 1390 1670 1473; x_wconf 83' lang='lat' dir='ltr'>Somerhy,</span> <span class='ocrx_word' id='word_1_12' title='bbox 1698 1388 1841 1454; x_wconf 85' lang='lat' dir='ltr'>Simonis</span> <span class='ocrx_word' id='word_1_13' title='bbox 1868 1385 1986 1451; x_wconf 76' lang='lat' dir='ltr'>Bleclee</span> <span class='ocrx_word' id='word_1_14' title='bbox 2013 1387 2053 1449; x_wconf 91' lang='lat' dir='ltr'>de</span> 
     </span>
     <span class='ocr_line' id='line_1_3' title="bbox 553 1475 2053 1630; baseline -0.003 -89"><span class='ocrx_word' id='word_1_15' title='bbox 553 1479 721 1630; x_wconf 55' lang='lat' dir='ltr'>Kegglsby,</span> <span class='ocrx_word' id='word_1_16' title='bbox 736 1480 757 1544; x_wconf 88' lang='lat' dir='ltr'>J</span> <span class='ocrx_word' id='word_1_17' title='bbox 759 1481 893 1545; x_wconf 82' lang='lat' dir='ltr'>ohannis</span> <span class='ocrx_word' id='word_1_18' title='bbox 907 1487 941 1545; x_wconf 83' lang='lat' dir='ltr'>et</span> <span class='ocrx_word' id='word_1_19' title='bbox 957 1481 1036 1546; x_wconf 83' lang='lat' dir='ltr'>Hell</span> <span class='ocrx_word' id='word_1_20' title='bbox 1050 1483 1091 1546; x_wconf 92' lang='lat' dir='ltr'>de</span> <span class='ocrx_word' id='word_1_21' title='bbox 1105 1481 1250 1560; x_wconf 82' lang='lat' dir='ltr'>Tetfovd,</span> <span class='ocrx_word' id='word_1_22' title='bbox 1265 1487 1298 1545; x_wconf 91' lang='lat' dir='ltr'>et</span> <span class='ocrx_word' id='word_1_23' title='bbox 1313 1481 1334 1546; x_wconf 91' lang='lat' dir='ltr'>J</span> <span class='ocrx_word' id='word_1_24' title='bbox 1336 1479 1471 1544; x_wconf 86' lang='lat' dir='ltr'>chunnis</span> <span class='ocrx_word' id='word_1_25' title='bbox 1487 1477 1615 1544; x_wconf 87' lang='lat' dir='ltr'>Venour</span> <span class='ocrx_word' id='word_1_26' title='bbox 1630 1478 1671 1541; x_wconf 89' lang='lat' dir='ltr'>de</span> <span class='ocrx_word' id='word_1_27' title='bbox 1687 1477 1856 1562; x_wconf 84' lang='lat' dir='ltr'>Ormysby,</span> <span class='ocrx_word' id='word_1_28' title='bbox 1866 1476 1923 1561; x_wconf 93' lang='lat' dir='ltr'>qui</span> <span class='ocrx_word' id='word_1_29' title='bbox 1938 1475 2053 1538; x_wconf 89' lang='lat' dir='ltr'>dicunt</span> 
     </span>
     <span class='ocr_line' id='line_1_4' title="bbox 553 1586 704 1651; baseline 0.007 -21"><span class='ocrx_word' id='word_1_30' title='bbox 553 1586 598 1651; x_wconf 92' lang='lat' dir='ltr'>qu</span> <span class='ocrx_word' id='word_1_31' title='bbox 650 1591 704 1631; x_wconf 85' lang='lat'>:-</span> 
     </span>
    </p>
   </div>
   <div class='ocr_carea' id='block_1_3' title="bbox 552 1746 2052 2016">
    <p class='ocr_par' dir='ltr' id='par_1_3' title="bbox 552 1746 2052 2016">
     <span class='ocr_line' id='line_1_5' title="bbox 597 1746 2051 1846; baseline -0.004 -27"><span class='ocrx_word' id='word_1_32' title='bbox 597 1755 756 1838; x_wconf 76' lang='lat' dir='ltr'><strong>Magister</strong></span> <span class='ocrx_word' id='word_1_33' title='bbox 781 1758 943 1823; x_wconf 80' lang='lat' dir='ltr'>Henricus</span> <span class='ocrx_word' id='word_1_34' title='bbox 967 1759 1079 1837; x_wconf 87' lang='lat' dir='ltr'>Wells,</span> <span class='ocrx_word' id='word_1_35' title='bbox 1101 1746 1259 1846; x_wconf 76' lang='lat' dir='ltr'>magister</span> <span class='ocrx_word' id='word_1_36' title='bbox 1286 1759 1396 1824; x_wconf 84' lang='lat' dir='ltr'>Sancti</span> <span class='ocrx_word' id='word_1_37' title='bbox 1422 1758 1533 1844; x_wconf 85' lang='lat' dir='ltr'>Egidii</span> <span class='ocrx_word' id='word_1_38' title='bbox 1555 1763 1646 1824; x_wconf 79' lang='lat' dir='ltr'>extre</span> <span class='ocrx_word' id='word_1_39' title='bbox 1669 1757 1884 1832; x_wconf 78' lang='lat' dir='ltr'>Lincolniam,</span> <span class='ocrx_word' id='word_1_40' title='bbox 1909 1755 2004 1818; x_wconf 85' lang='lat' dir='ltr'>tenet</span> <span class='ocrx_word' id='word_1_41' title='bbox 2016 1751 2051 1815; x_wconf 92' lang='lat' dir='ltr'>in</span> 
     </span>
     <span class='ocr_line' id='line_1_6' title="bbox 552 1838 2052 1932; baseline -0.001 -27"><span class='ocrx_word' id='word_1_42' title='bbox 552 1864 666 1926; x_wconf 86' lang='lat' dir='ltr'>putam</span> <span class='ocrx_word' id='word_1_43' title='bbox 680 1849 715 1907; x_wconf 88' lang='lat' dir='ltr'>et</span> <span class='ocrx_word' id='word_1_44' title='bbox 727 1852 918 1928; x_wconf 79' lang='lat' dir='ltr'>perpetuom</span> <span class='ocrx_word' id='word_1_45' title='bbox 932 1847 1141 1911; x_wconf 76' lang='lat' dir='ltr'><strong>elemosinam</strong></span> <span class='ocrx_word' id='word_1_46' title='bbox 1157 1849 1201 1914; x_wconf 82' lang='lat' dir='ltr'>di.</span> <span class='ocrx_word' id='word_1_47' title='bbox 1218 1847 1241 1913; x_wconf 85' lang='lat' dir='ltr'>f.</span> <span class='ocrx_word' id='word_1_48' title='bbox 1259 1869 1303 1914; x_wconf 91' lang='lat' dir='ltr'>m.</span> <span class='ocrx_word' id='word_1_49' title='bbox 1319 1848 1353 1911; x_wconf 93' lang='lat' dir='ltr'>in</span> <span class='ocrx_word' id='word_1_50' title='bbox 1371 1848 1550 1926; x_wconf 76' lang='lat' dir='ltr'>Svssvvov,</span> <span class='ocrx_word' id='word_1_51' title='bbox 1567 1845 1730 1932; x_wconf 76' lang='lat' dir='ltr'>quondum</span> <span class='ocrx_word' id='word_1_52' title='bbox 1747 1844 1880 1908; x_wconf 86' lang='lat' dir='ltr'>Roberti</span> <span class='ocrx_word' id='word_1_53' title='bbox 1895 1841 2000 1924; x_wconf 80' lang='lat' dir='ltr'>Durcy</span> <span class='ocrx_word' id='word_1_54' title='bbox 2009 1838 2052 1901; x_wconf 88' lang='lat' dir='ltr'>de</span> 
     </span>
     <span class='ocr_line' id='line_1_7' title="bbox 553 1931 1063 2016; baseline 0.012 -23"><span class='ocrx_word' id='word_1_55' title='bbox 553 1931 647 1994; x_wconf 82' lang='lat' dir='ltr'>feodo</span> <span class='ocrx_word' id='word_1_56' title='bbox 660 1932 802 2016; x_wconf 81' lang='lat' dir='ltr'>episcopi</span> <span class='ocrx_word' id='word_1_57' title='bbox 816 1933 1063 2000; x_wconf 87' lang='lat' dir='ltr'>Lincolniensis.</span> 
     </span>
    </p>
   </div>
   <div class='ocr_carea' id='block_1_4' title="bbox 553 2065 2051 2246">
    <p class='ocr_par' dir='ltr' id='par_1_4' title="bbox 553 2065 2051 2246">
     <span class='ocr_line' id='line_1_8' title="bbox 596 2065 2051 2157; baseline -0.002 -26"><span class='ocrx_word' id='word_1_58' title='bbox 596 2068 689 2132; x_wconf 85' lang='lat' dir='ltr'>Idem</span> <span class='ocrx_word' id='word_1_59' title='bbox 703 2073 793 2133; x_wconf 85' lang='lat' dir='ltr'>tenet</span> <span class='ocrx_word' id='word_1_60' title='bbox 806 2070 928 2135; x_wconf 85' lang='lat' dir='ltr'>ibidem</span> <span class='ocrx_word' id='word_1_61' title='bbox 941 2073 976 2135; x_wconf 92' lang='lat' dir='ltr'>in</span> <span class='ocrx_word' id='word_1_62' title='bbox 992 2092 1107 2155; x_wconf 78' lang='lat' dir='ltr'>purum</span> <span class='ocrx_word' id='word_1_63' title='bbox 1131 2079 1166 2136; x_wconf 91' lang='lat' dir='ltr'>et</span> <span class='ocrx_word' id='word_1_64' title='bbox 1188 2075 1379 2157; x_wconf 75' lang='lat' dir='ltr'>perpetuum</span> <span class='ocrx_word' id='word_1_65' title='bbox 1404 2072 1614 2137; x_wconf 79' lang='lat' dir='ltr'>elemosinam</span> <span class='ocrx_word' id='word_1_66' title='bbox 1633 2070 1660 2155; x_wconf 89' lang='lat' dir='ltr'>j.</span> <span class='ocrx_word' id='word_1_67' title='bbox 1678 2071 1702 2136; x_wconf 88' lang='lat' dir='ltr'>f.</span> <span class='ocrx_word' id='word_1_68' title='bbox 1719 2090 1763 2135; x_wconf 89' lang='lat' dir='ltr'>m.</span> <span class='ocrx_word' id='word_1_69' title='bbox 1780 2073 1813 2133; x_wconf 83' lang='lat' dir='ltr'>et</span> <span class='ocrx_word' id='word_1_70' title='bbox 1829 2068 1874 2134; x_wconf 86' lang='lat' dir='ltr'>di.</span> <span class='ocrx_word' id='word_1_71' title='bbox 1891 2065 2051 2153; x_wconf 80' lang='lat' dir='ltr'>quondum</span> 
     </span>
     <span class='ocr_line' id='line_1_9' title="bbox 553 2153 1184 2246; baseline 0.013 -29"><span class='ocrx_word' id='word_1_72' title='bbox 553 2154 574 2218; x_wconf 90' lang='lat' dir='ltr'>J</span> <span class='ocrx_word' id='word_1_73' title='bbox 576 2153 712 2218; x_wconf 81' lang='lat' dir='ltr'>ohannis</span> <span class='ocrx_word' id='word_1_74' title='bbox 726 2155 831 2241; x_wconf 84' lang='lat' dir='ltr'>Dsrcy</span> <span class='ocrx_word' id='word_1_75' title='bbox 846 2165 883 2222; x_wconf 86' lang='lat' dir='ltr'>et</span> <span class='ocrx_word' id='word_1_76' title='bbox 896 2165 1028 2223; x_wconf 85' lang='lat' dir='ltr'>tenetur</span> <span class='ocrx_word' id='word_1_77' title='bbox 1043 2160 1082 2223; x_wconf 85' lang='lat' dir='ltr'>de</span> <span class='ocrx_word' id='word_1_78' title='bbox 1097 2181 1184 2246; x_wconf 81' lang='lat' dir='ltr'>rege.</span> 
     </span>
    </p>
   </div>
   <div class='ocr_carea' id='block_1_5' title="bbox 549 2290 2052 2468">
    <p class='ocr_par' dir='ltr' id='par_1_5' title="bbox 549 2290 2052 2468">
     <span class='ocr_line' id='line_1_10' title="bbox 599 2290 2052 2380; baseline 0.001 -28"><span class='ocrx_word' id='word_1_79' title='bbox 599 2290 757 2355; x_wconf 84' lang='lat' dir='ltr'>Tenentes</span> <span class='ocrx_word' id='word_1_80' title='bbox 772 2297 928 2358; x_wconf 86' lang='lat' dir='ltr'>terrerum</span> <span class='ocrx_word' id='word_1_81' title='bbox 943 2295 1107 2379; x_wconf 74' lang='lat' dir='ltr'>quondam</span> <span class='ocrx_word' id='word_1_82' title='bbox 1118 2296 1276 2360; x_wconf 85' lang='lat' dir='ltr'>Beatricie</span> <span class='ocrx_word' id='word_1_83' title='bbox 1288 2296 1387 2380; x_wconf 85' lang='lat' dir='ltr'>Stynt</span> <span class='ocrx_word' id='word_1_84' title='bbox 1401 2301 1516 2378; x_wconf 82' lang='lat' dir='ltr'>tenent</span> <span class='ocrx_word' id='word_1_85' title='bbox 1530 2296 1565 2360; x_wconf 91' lang='lat' dir='ltr'>in</span> <span class='ocrx_word' id='word_1_86' title='bbox 1580 2296 1822 2363; x_wconf 80' lang='lat' dir='ltr'>vaxswcuunn</span> <span class='ocrx_word' id='word_1_87' title='bbox 1831 2291 1920 2377; x_wconf 59' lang='lat' dir='ltr'>iiijev</span> <span class='ocrx_word' id='word_1_88' title='bbox 1930 2295 2052 2374; x_wconf 80' lang='lat' dir='ltr'>partem</span> 
     </span>
     <span class='ocr_line' id='line_1_11' title="bbox 549 2376 2050 2468; baseline -0.001 -27"><span class='ocrx_word' id='word_1_89' title='bbox 549 2376 577 2461; x_wconf 90' lang='lat' dir='ltr'>j.</span> <span class='ocrx_word' id='word_1_90' title='bbox 594 2378 618 2445; x_wconf 81' lang='lat' dir='ltr'>f.</span> <span class='ocrx_word' id='word_1_91' title='bbox 634 2398 679 2444; x_wconf 94' lang='lat' dir='ltr'>m.</span> <span class='ocrx_word' id='word_1_92' title='bbox 695 2380 859 2462; x_wconf 81' lang='lat' dir='ltr'>quondam</span> <span class='ocrx_word' id='word_1_93' title='bbox 873 2381 894 2444; x_wconf 90' lang='lat' dir='ltr'>J</span> <span class='ocrx_word' id='word_1_94' title='bbox 896 2380 1033 2446; x_wconf 74' lang='lat' dir='ltr'>ohannis</span> <span class='ocrx_word' id='word_1_95' title='bbox 1047 2383 1088 2447; x_wconf 92' lang='lat' dir='ltr'>de</span> <span class='ocrx_word' id='word_1_96' title='bbox 1103 2384 1222 2463; x_wconf 83' lang='lat' dir='ltr'>Leeke,</span> <span class='ocrx_word' id='word_1_97' title='bbox 1236 2405 1371 2468; x_wconf 87' lang='lat' dir='ltr'>persone</span> <span class='ocrx_word' id='word_1_98' title='bbox 1387 2384 1428 2448; x_wconf 90' lang='lat' dir='ltr'>de</span> <span class='ocrx_word' id='word_1_99' title='bbox 1445 2381 1694 2468; x_wconf 79' lang='lat' dir='ltr'>Benyngworth,</span> <span class='ocrx_word' id='word_1_100' title='bbox 1710 2382 1750 2445; x_wconf 88' lang='lat' dir='ltr'>de</span> <span class='ocrx_word' id='word_1_101' title='bbox 1765 2381 1857 2444; x_wconf 87' lang='lat' dir='ltr'>feodo</span> <span class='ocrx_word' id='word_1_102' title='bbox 1872 2379 1913 2442; x_wconf 90' lang='lat' dir='ltr'>de</span> <span class='ocrx_word' id='word_1_103' title='bbox 1929 2379 2050 2442; x_wconf 84' lang='lat' dir='ltr'>Geuut.</span> 
     </span>
    </p>
   </div>
   <div class='ocr_carea' id='block_1_6' title="bbox 554 2526 2054 2879">
    <p class='ocr_par' dir='ltr' id='par_1_6' title="bbox 554 2526 2054 2879">
     <span class='ocr_line' id='line_1_12' title="bbox 598 2526 2052 2632; baseline 0.001 -42"><span class='ocrx_word' id='word_1_104' title='bbox 598 2526 755 2592; x_wconf 75' lang='lat' dir='ltr'>Dominus</span> <span class='ocrx_word' id='word_1_105' title='bbox 788 2529 829 2594; x_wconf 92' lang='lat' dir='ltr'>de</span> <span class='ocrx_word' id='word_1_106' title='bbox 862 2529 981 2615; x_wconf 83' lang='lat' dir='ltr'>Kyme,</span> <span class='ocrx_word' id='word_1_107' title='bbox 1017 2531 1184 2598; x_wconf 86' lang='lat' dir='ltr'>Johennee</span> <span class='ocrx_word' id='word_1_108' title='bbox 1221 2533 1406 2619; x_wconf 80' lang='lat' dir='ltr'>Stepylton,</span> <span class='ocrx_word' id='word_1_109' title='bbox 1435 2540 1470 2599; x_wconf 89' lang='lat' dir='ltr'>et</span> <span class='ocrx_word' id='word_1_110' title='bbox 1500 2534 1665 2598; x_wconf 84' lang='lat' dir='ltr'>Johsnnes</span> <span class='ocrx_word' id='word_1_111' title='bbox 1693 2533 1733 2596; x_wconf 89' lang='lat' dir='ltr'>de</span> <span class='ocrx_word' id='word_1_112' title='bbox 1764 2531 1913 2596; x_wconf 75' lang='lat' dir='ltr'>stretton</span> <span class='ocrx_word' id='word_1_113' title='bbox 1939 2533 2052 2632; x_wconf 75' lang='lat' dir='ltr'>tenent</span> 
     </span>
     <span class='ocr_line' id='line_1_13' title="bbox 554 2613 2052 2705; baseline 0.002 -28"><span class='ocrx_word' id='word_1_114' title='bbox 554 2613 686 2679; x_wconf 83' lang='lat' dir='ltr'>divisim</span> <span class='ocrx_word' id='word_1_115' title='bbox 715 2616 749 2679; x_wconf 91' lang='lat' dir='ltr'>in</span> <span class='ocrx_word' id='word_1_116' title='bbox 780 2617 993 2686; x_wconf 76' lang='lat' dir='ltr'>Benneueen</span> <span class='ocrx_word' id='word_1_117' title='bbox 1022 2621 1068 2687; x_wconf 89' lang='lat' dir='ltr'>di.</span> <span class='ocrx_word' id='word_1_118' title='bbox 1095 2623 1119 2686; x_wconf 84' lang='lat' dir='ltr'>f.</span> <span class='ocrx_word' id='word_1_119' title='bbox 1146 2643 1192 2687; x_wconf 90' lang='lat' dir='ltr'>m.</span> <span class='ocrx_word' id='word_1_120' title='bbox 1220 2622 1262 2685; x_wconf 85' lang='lat' dir='ltr'>de</span> <span class='ocrx_word' id='word_1_121' title='bbox 1292 2623 1385 2686; x_wconf 81' lang='lat' dir='ltr'>feodo</span> <span class='ocrx_word' id='word_1_122' title='bbox 1414 2622 1455 2685; x_wconf 91' lang='lat' dir='ltr'>de</span> <span class='ocrx_word' id='word_1_123' title='bbox 1485 2622 1607 2701; x_wconf 86' lang='lat' dir='ltr'>Geunt,</span> <span class='ocrx_word' id='word_1_124' title='bbox 1637 2620 1801 2705; x_wconf 80' lang='lat' dir='ltr'>quondum</span> <span class='ocrx_word' id='word_1_125' title='bbox 1831 2615 1983 2682; x_wconf 78' lang='lat' dir='ltr'>Nicholev</span> <span class='ocrx_word' id='word_1_126' title='bbox 2012 2617 2052 2680; x_wconf 89' lang='lat' dir='ltr'>de</span> 
     </span>
     <span class='ocr_line' id='line_1_14' title="bbox 556 2703 2054 2792; baseline 0.001 -26"><span class='ocrx_word' id='word_1_127' title='bbox 556 2703 746 2788; x_wconf 83' lang='lat' dir='ltr'>Centelupo,</span> <span class='ocrx_word' id='word_1_128' title='bbox 761 2705 892 2770; x_wconf 91' lang='lat' dir='ltr'>domiue</span> <span class='ocrx_word' id='word_1_129' title='bbox 906 2707 949 2770; x_wconf 92' lang='lat' dir='ltr'>de</span> <span class='ocrx_word' id='word_1_130' title='bbox 964 2707 1081 2773; x_wconf 89' lang='lat' dir='ltr'>Monte</span> <span class='ocrx_word' id='word_1_131' title='bbox 1096 2710 1211 2790; x_wconf 85' lang='lat' dir='ltr'>Acuto,</span> <span class='ocrx_word' id='word_1_132' title='bbox 1226 2717 1263 2773; x_wconf 90' lang='lat' dir='ltr'>et</span> <span class='ocrx_word' id='word_1_133' title='bbox 1277 2710 1436 2774; x_wconf 84' lang='lat' dir='ltr'>Johennis</span> <span class='ocrx_word' id='word_1_134' title='bbox 1452 2709 1611 2792; x_wconf 78' lang='lat' dir='ltr'>Strsttou,</span> <span class='ocrx_word' id='word_1_135' title='bbox 1626 2713 1677 2772; x_wconf 87' lang='lat' dir='ltr'>set</span> <span class='ocrx_word' id='word_1_136' title='bbox 1691 2727 1748 2791; x_wconf 89' lang='lat' dir='ltr'>pro</span> <span class='ocrx_word' id='word_1_137' title='bbox 1770 2713 1893 2790; x_wconf 78' lang='lat' dir='ltr'>quanto</span> <span class='ocrx_word' id='word_1_138' title='bbox 1914 2704 2054 2789; x_wconf 78' lang='lat' dir='ltr'>quilibet</span> 
     </span>
     <span class='ocr_line' id='line_1_15' title="bbox 554 2795 1066 2879; baseline 0.012 -26"><span class='ocrx_word' id='word_1_139' title='bbox 554 2809 667 2855; x_wconf 82' lang='lat' dir='ltr'>eorum</span> <span class='ocrx_word' id='word_1_140' title='bbox 681 2795 773 2856; x_wconf 87' lang='lat' dir='ltr'>tenet</span> <span class='ocrx_word' id='word_1_141' title='bbox 786 2813 844 2876; x_wconf 82' lang='lat' dir='ltr'>per</span> <span class='ocrx_word' id='word_1_142' title='bbox 859 2814 891 2856; x_wconf 91' lang='lat' dir='ltr'>se</span> <span class='ocrx_word' id='word_1_143' title='bbox 904 2796 1066 2879; x_wconf 84' lang='lat' dir='ltr'>ignorant.</span> 
     </span>
    </p>
   </div>
   <div class='ocr_carea' id='block_1_7' title="bbox 554 2936 2053 3283">
    <p class='ocr_par' dir='ltr' id='par_1_7' title="bbox 554 2936 2053 3283">
     <span class='ocr_line' id='line_1_16' title="bbox 600 2936 2053 3032; baseline 0.005 -34"><span class='ocrx_word' id='word_1_144' title='bbox 600 2936 743 3002; x_wconf 86' lang='lat' dir='ltr'>Heredes</span> <span class='ocrx_word' id='word_1_145' title='bbox 767 2938 923 3004; x_wconf 89' lang='lat' dir='ltr'>Willelmi</span> <span class='ocrx_word' id='word_1_146' title='bbox 945 2943 985 3005; x_wconf 88' lang='lat' dir='ltr'>de</span> <span class='ocrx_word' id='word_1_147' title='bbox 1011 2944 1201 3030; x_wconf 84' lang='lat' dir='ltr'>Willughby</span> <span class='ocrx_word' id='word_1_148' title='bbox 1226 2952 1261 3009; x_wconf 86' lang='lat' dir='ltr'>et</span> <span class='ocrx_word' id='word_1_149' title='bbox 1284 2947 1416 3012; x_wconf 86' lang='lat' dir='ltr'>heredes</span> <span class='ocrx_word' id='word_1_150' title='bbox 1443 2947 1562 3032; x_wconf 82' lang='lat' dir='ltr'>Rogeri</span> <span class='ocrx_word' id='word_1_151' title='bbox 1586 2947 1627 3012; x_wconf 89' lang='lat' dir='ltr'>de</span> <span class='ocrx_word' id='word_1_152' title='bbox 1650 2943 1812 3030; x_wconf 84' lang='lat' dir='ltr'>Aystyrby</span> <span class='ocrx_word' id='word_1_153' title='bbox 1838 2951 1873 3008; x_wconf 91' lang='lat' dir='ltr'>et</span> <span class='ocrx_word' id='word_1_154' title='bbox 1896 2943 1991 3008; x_wconf 84' lang='lat' dir='ltr'>ebbue</span> <span class='ocrx_word' id='word_1_155' title='bbox 2013 2943 2053 3005; x_wconf 87' lang='lat' dir='ltr'>de</span> 
     </span>
     <span class='ocr_line' id='line_1_17' title="bbox 556 3023 2051 3119; baseline 0.011 -34"><span class='ocrx_word' id='word_1_156' title='bbox 556 3023 758 3107; x_wconf 82' lang='lat' dir='ltr'>Kyvkestede</span> <span class='ocrx_word' id='word_1_157' title='bbox 782 3033 898 3091; x_wconf 87' lang='lat' dir='ltr'>tenent</span> <span class='ocrx_word' id='word_1_158' title='bbox 920 3029 1051 3094; x_wconf 89' lang='lat' dir='ltr'>divisim</span> <span class='ocrx_word' id='word_1_159' title='bbox 1074 3033 1109 3095; x_wconf 90' lang='lat' dir='ltr'>in</span> <span class='ocrx_word' id='word_1_160' title='bbox 1125 3034 1261 3101; x_wconf 76' lang='lat' dir='ltr'>Asssss</span> <span class='ocrx_word' id='word_1_161' title='bbox 1280 3035 1378 3118; x_wconf 84' lang='lat' dir='ltr'>juxte</span> <span class='ocrx_word' id='word_1_162' title='bbox 1404 3034 1624 3102; x_wconf 77' lang='lat' dir='ltr'>Hosucsssnn</span> <span class='ocrx_word' id='word_1_163' title='bbox 1650 3033 1739 3119; x_wconf 83' lang='lat' dir='ltr'>iiij⁸¹²¹</span> <span class='ocrx_word' id='word_1_164' title='bbox 1766 3038 1892 3116; x_wconf 69' lang='lat' dir='ltr'>portem</span> <span class='ocrx_word' id='word_1_165' title='bbox 1913 3030 1941 3114; x_wconf 83' lang='lat' dir='ltr'>j.</span> <span class='ocrx_word' id='word_1_166' title='bbox 1968 3031 1990 3094; x_wconf 83' lang='lat' dir='ltr'>f.</span> <span class='ocrx_word' id='word_1_167' title='bbox 2008 3051 2051 3094; x_wconf 86' lang='lat' dir='ltr'>m·</span> 
     </span>
     <span class='ocr_line' id='line_1_18' title="bbox 555 3111 2053 3208; baseline 0.005 -35"><span class='ocrx_word' id='word_1_168' title='bbox 555 3111 718 3196; x_wconf 84' lang='lat' dir='ltr'>quondam</span> <span class='ocrx_word' id='word_1_169' title='bbox 733 3111 856 3178; x_wconf 86' lang='lat' dir='ltr'>Thome</span> <span class='ocrx_word' id='word_1_170' title='bbox 871 3115 911 3178; x_wconf 90' lang='lat' dir='ltr'>de</span> <span class='ocrx_word' id='word_1_171' title='bbox 926 3117 1113 3203; x_wconf 81' lang='lat' dir='ltr'>Willughby</span> <span class='ocrx_word' id='word_1_172' title='bbox 1128 3119 1168 3183; x_wconf 90' lang='lat' dir='ltr'>de</span> <span class='ocrx_word' id='word_1_173' title='bbox 1184 3120 1278 3184; x_wconf 81' lang='lat' dir='ltr'>feodo</span> <span class='ocrx_word' id='word_1_174' title='bbox 1293 3121 1334 3185; x_wconf 92' lang='lat' dir='ltr'>de</span> <span class='ocrx_word' id='word_1_175' title='bbox 1350 3122 1474 3203; x_wconf 86' lang='lat' dir='ltr'>Geunt,</span> <span class='ocrx_word' id='word_1_176' title='bbox 1491 3129 1538 3185; x_wconf 84' lang='lat' dir='ltr'>set</span> <span class='ocrx_word' id='word_1_177' title='bbox 1554 3143 1612 3206; x_wconf 87' lang='lat' dir='ltr'>pro</span> <span class='ocrx_word' id='word_1_178' title='bbox 1637 3127 1758 3208; x_wconf 78' lang='lat' dir='ltr'>quanto</span> <span class='ocrx_word' id='word_1_179' title='bbox 1784 3119 1922 3203; x_wconf 84' lang='lat' dir='ltr'>quilibet</span> <span class='ocrx_word' id='word_1_180' title='bbox 1944 3138 2053 3182; x_wconf 88' lang='lat' dir='ltr'>eorum</span> 
     </span>
     <span class='ocr_line' id='line_1_19' title="bbox 554 3201 942 3283; baseline 0.015 -22"><span class='ocrx_word' id='word_1_181' title='bbox 554 3202 645 3262; x_wconf 86' lang='lat' dir='ltr'>tenet</span> <span class='ocrx_word' id='word_1_182' title='bbox 659 3219 765 3282; x_wconf 85' lang='lat' dir='ltr'>perse</span> <span class='ocrx_word' id='word_1_183' title='bbox 779 3201 942 3283; x_wconf 81' lang='lat' dir='ltr'>ignorent.</span> 
     </span>
    </p>
   </div>
   <div class='ocr_carea' id='block_1_8' title="bbox 555 3346 2056 3615">
    <p class='ocr_par' dir='ltr' id='par_1_8' title="bbox 555 3346 2056 3615">
     <span class='ocr_line' id='line_1_20' title="bbox 598 3346 2056 3441; baseline 0.006 -32"><span class='ocrx_word' id='word_1_184' title='bbox 598 3346 761 3412; x_wconf 68' lang='lat' dir='ltr'>&#39;senentes</span> <span class='ocrx_word' id='word_1_185' title='bbox 784 3353 941 3413; x_wconf 85' lang='lat' dir='ltr'>terrerum</span> <span class='ocrx_word' id='word_1_186' title='bbox 956 3351 1119 3436; x_wconf 78' lang='lat' dir='ltr'>quondum</span> <span class='ocrx_word' id='word_1_187' title='bbox 1134 3355 1155 3418; x_wconf 86' lang='lat' dir='ltr'>J</span> <span class='ocrx_word' id='word_1_188' title='bbox 1156 3353 1294 3421; x_wconf 76' lang='lat' dir='ltr'>ohannis</span> <span class='ocrx_word' id='word_1_189' title='bbox 1310 3356 1456 3423; x_wconf 82' lang='lat' dir='ltr'>Saunton</span> <span class='ocrx_word' id='word_1_190' title='bbox 1472 3363 1507 3422; x_wconf 88' lang='lat' dir='ltr'>et</span> <span class='ocrx_word' id='word_1_191' title='bbox 1522 3358 1655 3422; x_wconf 87' lang='lat' dir='ltr'>heredes</span> <span class='ocrx_word' id='word_1_192' title='bbox 1670 3358 1803 3422; x_wconf 87' lang='lat' dir='ltr'>Roberti</span> <span class='ocrx_word' id='word_1_193' title='bbox 1818 3355 2007 3441; x_wconf 81' lang='lat' dir='ltr'>Elkyngtcn</span> <span class='ocrx_word' id='word_1_194' title='bbox 2021 3359 2056 3419; x_wconf 88' lang='lat' dir='ltr'>et</span> 
     </span>
     <span class='ocr_line' id='line_1_21' title="bbox 555 3434 2054 3532; baseline 0.007 -36"><span class='ocrx_word' id='word_1_195' title='bbox 555 3434 613 3496; x_wconf 86' lang='lat' dir='ltr'>elii</span> <span class='ocrx_word' id='word_1_196' title='bbox 638 3441 751 3499; x_wconf 88' lang='lat' dir='ltr'>tenent</span> <span class='ocrx_word' id='word_1_197' title='bbox 774 3439 811 3500; x_wconf 92' lang='lat' dir='ltr'>in</span> <span class='ocrx_word' id='word_1_198' title='bbox 834 3437 970 3505; x_wconf 75' lang='lat' dir='ltr'>Bessos</span> <span class='ocrx_word' id='word_1_199' title='bbox 997 3446 1033 3502; x_wconf 85' lang='lat' dir='ltr'>et</span> <span class='ocrx_word' id='word_1_200' title='bbox 1061 3441 1256 3510; x_wconf 77' lang='lat' dir='ltr'>Smunusnv</span> <span class='ocrx_word' id='word_1_201' title='bbox 1279 3446 1411 3510; x_wconf 80' lang='lat' dir='ltr'>divisim</span> <span class='ocrx_word' id='word_1_202' title='bbox 1437 3446 1527 3532; x_wconf 74' lang='lat' dir='ltr'>iiijlm</span> <span class='ocrx_word' id='word_1_203' title='bbox 1545 3451 1672 3530; x_wconf 77' lang='lat' dir='ltr'>partem</span> <span class='ocrx_word' id='word_1_204' title='bbox 1694 3446 1719 3532; x_wconf 84' lang='lat' dir='ltr'>j.</span> <span class='ocrx_word' id='word_1_205' title='bbox 1736 3445 1759 3510; x_wconf 88' lang='lat' dir='ltr'>f.</span> <span class='ocrx_word' id='word_1_206' title='bbox 1776 3465 1820 3508; x_wconf 92' lang='lat' dir='ltr'>m.</span> <span class='ocrx_word' id='word_1_207' title='bbox 1849 3443 1890 3508; x_wconf 90' lang='lat' dir='ltr'>de</span> <span class='ocrx_word' id='word_1_208' title='bbox 1906 3443 2000 3508; x_wconf 86' lang='lat' dir='ltr'>feodo</span> <span class='ocrx_word' id='word_1_209' title='bbox 2015 3443 2054 3506; x_wconf 89' lang='lat' dir='ltr'>de</span> 
     </span>
     <span class='ocr_line' id='line_1_22' title="bbox 556 3521 1268 3615; baseline 0.021 -31"><span class='ocrx_word' id='word_1_210' title='bbox 556 3521 740 3607; x_wconf 79' lang='lat' dir='ltr'>Longepey,</span> <span class='ocrx_word' id='word_1_211' title='bbox 753 3529 805 3589; x_wconf 86' lang='lat' dir='ltr'>eet</span> <span class='ocrx_word' id='word_1_212' title='bbox 818 3546 876 3609; x_wconf 90' lang='lat' dir='ltr'>pro</span> <span class='ocrx_word' id='word_1_213' title='bbox 890 3532 1012 3613; x_wconf 86' lang='lat' dir='ltr'>quento</span> <span class='ocrx_word' id='word_1_214' title='bbox 1027 3534 1090 3595; x_wconf 91' lang='lat' dir='ltr'>etc.</span> <span class='ocrx_word' id='word_1_215' title='bbox 1106 3531 1268 3615; x_wconf 82' lang='lat' dir='ltr'>ignorent.</span> 
     </span>
    </p>
   </div>
   <div class='ocr_carea' id='block_1_9' title="bbox 556 3671 2056 3941">
    <p class='ocr_par' dir='ltr' id='par_1_9' title="bbox 556 3671 2056 3941">
     <span class='ocr_line' id='line_1_23' title="bbox 600 3671 2055 3769; baseline 0.007 -36"><span class='ocrx_word' id='word_1_216' title='bbox 600 3671 782 3739; x_wconf 82' lang='lat' dir='ltr'>willelmus</span> <span class='ocrx_word' id='word_1_217' title='bbox 809 3674 968 3751; x_wconf 77' lang='lat' dir='ltr'>Oldhelle,</span> <span class='ocrx_word' id='word_1_218' title='bbox 993 3676 1148 3755; x_wconf 84' lang='lat' dir='ltr'>chivaler,</span> <span class='ocrx_word' id='word_1_219' title='bbox 1174 3687 1268 3747; x_wconf 86' lang='lat' dir='ltr'>tenet</span> <span class='ocrx_word' id='word_1_220' title='bbox 1287 3684 1314 3767; x_wconf 91' lang='lat' dir='ltr'>j.</span> <span class='ocrx_word' id='word_1_221' title='bbox 1341 3684 1366 3750; x_wconf 83' lang='lat' dir='ltr'>f.</span> <span class='ocrx_word' id='word_1_222' title='bbox 1391 3688 1426 3748; x_wconf 88' lang='lat' dir='ltr'>et</span> <span class='ocrx_word' id='word_1_223' title='bbox 1442 3684 1509 3769; x_wconf 87' lang='lat' dir='ltr'>viij.</span> <span class='ocrx_word' id='word_1_224' title='bbox 1536 3689 1661 3769; x_wconf 77' lang='lat' dir='ltr'>purtem</span> <span class='ocrx_word' id='word_1_225' title='bbox 1682 3683 1710 3767; x_wconf 88' lang='lat' dir='ltr'>j.</span> <span class='ocrx_word' id='word_1_226' title='bbox 1736 3684 1757 3747; x_wconf 85' lang='lat' dir='ltr'>f.</span> <span class='ocrx_word' id='word_1_227' title='bbox 1784 3685 1820 3747; x_wconf 92' lang='lat' dir='ltr'>in</span> <span class='ocrx_word' id='word_1_228' title='bbox 1847 3682 2006 3751; x_wconf 78' lang='lat' dir='ltr'>Osuessv</span> <span class='ocrx_word' id='word_1_229' title='bbox 2021 3685 2055 3745; x_wconf 87' lang='lat' dir='ltr'>et</span> 
     </span>
     <span class='ocr_line' id='line_1_24' title="bbox 556 3758 2056 3855; baseline 0.004 -30"><span class='ocrx_word' id='word_1_230' title='bbox 556 3758 740 3841; x_wconf 79' lang='lat' dir='ltr'>Knmsnv,</span> <span class='ocrx_word' id='word_1_231' title='bbox 764 3764 925 3848; x_wconf 84' lang='lat' dir='ltr'>quondum</span> <span class='ocrx_word' id='word_1_232' title='bbox 952 3763 1093 3831; x_wconf 86' lang='lat' dir='ltr'>Simonis</span> <span class='ocrx_word' id='word_1_233' title='bbox 1120 3768 1193 3833; x_wconf 85' lang='lat' dir='ltr'>Fitz</span> <span class='ocrx_word' id='word_1_234' title='bbox 1208 3770 1375 3854; x_wconf 84' lang='lat' dir='ltr'>Redulphi</span> <span class='ocrx_word' id='word_1_235' title='bbox 1401 3774 1442 3836; x_wconf 90' lang='lat' dir='ltr'>de</span> <span class='ocrx_word' id='word_1_236' title='bbox 1466 3773 1560 3837; x_wconf 79' lang='lat' dir='ltr'>feodo</span> <span class='ocrx_word' id='word_1_237' title='bbox 1584 3770 1720 3851; x_wconf 84' lang='lat' dir='ltr'>Cestrie,</span> <span class='ocrx_word' id='word_1_238' title='bbox 1737 3774 1772 3833; x_wconf 91' lang='lat' dir='ltr'>et</span> <span class='ocrx_word' id='word_1_239' title='bbox 1787 3790 1850 3855; x_wconf 91' lang='lat' dir='ltr'>quo</span> <span class='ocrx_word' id='word_1_240' title='bbox 1864 3770 1906 3833; x_wconf 84' lang='lat' dir='ltr'>sd</span> <span class='ocrx_word' id='word_1_241' title='bbox 1920 3770 1965 3833; x_wconf 93' lang='lat' dir='ltr'>di.</span> <span class='ocrx_word' id='word_1_242' title='bbox 1982 3769 2005 3833; x_wconf 88' lang='lat' dir='ltr'>f.</span> <span class='ocrx_word' id='word_1_243' title='bbox 2021 3774 2056 3832; x_wconf 87' lang='lat' dir='ltr'>et</span> 
     </span>
     <span class='ocr_line' id='line_1_25' title="bbox 556 3845 1816 3941; baseline 0.009 -30"><span class='ocrx_word' id='word_1_244' title='bbox 556 3845 644 3932; x_wconf 66' lang='lat' dir='ltr'>iiijtm</span> <span class='ocrx_word' id='word_1_245' title='bbox 660 3854 786 3931; x_wconf 80' lang='lat' dir='ltr'>partem</span> <span class='ocrx_word' id='word_1_246' title='bbox 801 3850 826 3935; x_wconf 83' lang='lat' dir='ltr'>j.</span> <span class='ocrx_word' id='word_1_247' title='bbox 842 3850 865 3916; x_wconf 86' lang='lat' dir='ltr'>f.</span> <span class='ocrx_word' id='word_1_248' title='bbox 883 3851 923 3915; x_wconf 89' lang='lat' dir='ltr'>de</span> <span class='ocrx_word' id='word_1_249' title='bbox 938 3852 1027 3917; x_wconf 89' lang='lat' dir='ltr'>dicto</span> <span class='ocrx_word' id='word_1_250' title='bbox 1041 3854 1065 3920; x_wconf 87' lang='lat' dir='ltr'>f.</span> <span class='ocrx_word' id='word_1_251' title='bbox 1082 3857 1247 3941; x_wconf 85' lang='lat' dir='ltr'>quondam</span> <span class='ocrx_word' id='word_1_252' title='bbox 1261 3857 1344 3925; x_wconf 86' lang='lat' dir='ltr'>dicti</span> <span class='ocrx_word' id='word_1_253' title='bbox 1359 3858 1500 3923; x_wconf 86' lang='lat' dir='ltr'>Simonis</span> <span class='ocrx_word' id='word_1_254' title='bbox 1514 3859 1637 3923; x_wconf 86' lang='lat' dir='ltr'>ibidem</span> <span class='ocrx_word' id='word_1_255' title='bbox 1654 3862 1816 3941; x_wconf 82' lang='lat' dir='ltr'>ignorant.</span> 
     </span>
    </p>
   </div>
   <div class='ocr_carea' id='block_1_10' title="bbox 557 3990 2054 4181">
    <p class='ocr_par' dir='ltr' id='par_1_10' title="bbox 557 3990 2054 4181">
     <span class='ocr_line' id='line_1_26' title="bbox 596 3990 2054 4086; baseline 0.008 -29"><span class='ocrx_word' id='word_1_256' title='bbox 596 3994 736 4060; x_wconf 81' lang='lat' dir='ltr'>Domine</span> <span class='ocrx_word' id='word_1_257' title='bbox 779 3996 940 4078; x_wconf 79' lang='lat' dir='ltr'>iohanne,</span> <span class='ocrx_word' id='word_1_258' title='bbox 989 4002 1122 4067; x_wconf 88' lang='lat' dir='ltr'>ducesse</span> <span class='ocrx_word' id='word_1_259' title='bbox 1166 4006 1318 4085; x_wconf 82' lang='lat' dir='ltr'>Eboraci,</span> <span class='ocrx_word' id='word_1_260' title='bbox 1361 3990 1455 4073; x_wconf 61' lang='lat' dir='ltr'>‘tcum</span> <span class='ocrx_word' id='word_1_261' title='bbox 1492 4009 1526 4072; x_wconf 92' lang='lat' dir='ltr'>in</span> <span class='ocrx_word' id='word_1_262' title='bbox 1574 4008 1742 4086; x_wconf 73' lang='lat' dir='ltr'>Lenonos,</span> <span class='ocrx_word' id='word_1_263' title='bbox 1784 4006 1978 4083; x_wconf 68' lang='lat' dir='ltr'>Tannum,</span> <span class='ocrx_word' id='word_1_264' title='bbox 2022 4010 2054 4068; x_wconf 90' lang='lat' dir='ltr'>et</span> 
     </span>
     <span class='ocr_line' id='line_1_27' title="bbox 557 4082 1948 4181; baseline 0.006 -32"><span class='ocrx_word' id='word_1_265' title='bbox 557 4082 788 4165; x_wconf 76' lang='lat' dir='ltr'>Honnoesven,</span> <span class='ocrx_word' id='word_1_266' title='bbox 804 4085 843 4150; x_wconf 90' lang='lat' dir='ltr'>de</span> <span class='ocrx_word' id='word_1_267' title='bbox 858 4085 952 4151; x_wconf 85' lang='lat' dir='ltr'>feodo</span> <span class='ocrx_word' id='word_1_268' title='bbox 967 4088 1008 4153; x_wconf 91' lang='lat' dir='ltr'>de</span> <span class='ocrx_word' id='word_1_269' title='bbox 1025 4089 1155 4177; x_wconf 83' lang='lat' dir='ltr'>Bayugs</span> <span class='ocrx_word' id='word_1_270' title='bbox 1170 4094 1215 4158; x_wconf 88' lang='lat' dir='ltr'>di.</span> <span class='ocrx_word' id='word_1_271' title='bbox 1233 4095 1257 4159; x_wconf 85' lang='lat' dir='ltr'>i.</span> <span class='ocrx_word' id='word_1_272' title='bbox 1275 4115 1319 4159; x_wconf 90' lang='lat' dir='ltr'>m.</span> <span class='ocrx_word' id='word_1_273' title='bbox 1337 4095 1499 4181; x_wconf 84' lang='lat' dir='ltr'>quondam</span> <span class='ocrx_word' id='word_1_274' title='bbox 1514 4095 1535 4159; x_wconf 88' lang='lat' dir='ltr'>J</span> <span class='ocrx_word' id='word_1_275' title='bbox 1537 4096 1674 4160; x_wconf 85' lang='lat' dir='ltr'>ohannis</span> <span class='ocrx_word' id='word_1_276' title='bbox 1690 4096 1730 4158; x_wconf 92' lang='lat' dir='ltr'>de</span> <span class='ocrx_word' id='word_1_277' title='bbox 1747 4092 1948 4178; x_wconf 83' lang='lat' dir='ltr'>Willughby.</span> 
     </span>
    </p>
   </div>
   <div class='ocr_carea' id='block_1_11' title="bbox 556 4231 2056 4496">
    <p class='ocr_par' dir='ltr' id='par_1_11' title="bbox 556 4231 2056 4496">
     <span class='ocr_line' id='line_1_28' title="bbox 601 4231 2055 4327; baseline 0.007 -33"><span class='ocrx_word' id='word_1_278' title='bbox 601 4231 704 4296; x_wconf 85' lang='lat' dir='ltr'>Heres</span> <span class='ocrx_word' id='word_1_279' title='bbox 727 4234 886 4299; x_wconf 88' lang='lat' dir='ltr'>Willelmi</span> <span class='ocrx_word' id='word_1_280' title='bbox 911 4236 951 4301; x_wconf 86' lang='lat' dir='ltr'>de</span> <span class='ocrx_word' id='word_1_281' title='bbox 979 4238 1124 4325; x_wconf 83' lang='lat' dir='ltr'>Belesby,</span> <span class='ocrx_word' id='word_1_282' title='bbox 1149 4241 1278 4321; x_wconf 87' lang='lat' dir='ltr'>militis,</span> <span class='ocrx_word' id='word_1_283' title='bbox 1305 4245 1388 4308; x_wconf 84' lang='lat' dir='ltr'>inire</span> <span class='ocrx_word' id='word_1_284' title='bbox 1410 4249 1534 4310; x_wconf 79' lang='lat' dir='ltr'>etatem</span> <span class='ocrx_word' id='word_1_285' title='bbox 1556 4252 1589 4308; x_wconf 90' lang='lat' dir='ltr'>et</span> <span class='ocrx_word' id='word_1_286' title='bbox 1610 4246 1645 4308; x_wconf 91' lang='lat' dir='ltr'>in</span> <span class='ocrx_word' id='word_1_287' title='bbox 1660 4243 1806 4308; x_wconf 84' lang='lat' dir='ltr'>custodia</span> <span class='ocrx_word' id='word_1_288' title='bbox 1820 4243 1946 4307; x_wconf 92' lang='lat' dir='ltr'>domini</span> <span class='ocrx_word' id='word_1_289' title='bbox 1960 4242 2055 4327; x_wconf 84' lang='lat' dir='ltr'>regis,</span> 
     </span>
     <span class='ocr_line' id='line_1_29' title="bbox 556 4320 2056 4417; baseline 0.007 -36"><span class='ocrx_word' id='word_1_290' title='bbox 556 4323 646 4382; x_wconf 86' lang='lat' dir='ltr'>tenet</span> <span class='ocrx_word' id='word_1_291' title='bbox 657 4321 695 4384; x_wconf 91' lang='lat' dir='ltr'>in</span> <span class='ocrx_word' id='word_1_292' title='bbox 710 4320 934 4391; x_wconf 74' lang='lat' dir='ltr'>Honsvtvovotv</span> <span class='ocrx_word' id='word_1_293' title='bbox 948 4330 983 4389; x_wconf 89' lang='lat' dir='ltr'>et</span> <span class='ocrx_word' id='word_1_294' title='bbox 1000 4326 1172 4396; x_wconf 77' lang='lat' dir='ltr'>vauvonn</span> <span class='ocrx_word' id='word_1_295' title='bbox 1188 4350 1243 4395; x_wconf 90' lang='lat' dir='ltr'>un.</span> <span class='ocrx_word' id='word_1_296' title='bbox 1260 4332 1284 4396; x_wconf 85' lang='lat' dir='ltr'>f.</span> <span class='ocrx_word' id='word_1_297' title='bbox 1298 4352 1340 4395; x_wconf 91' lang='lat' dir='ltr'>m.</span> <span class='ocrx_word' id='word_1_298' title='bbox 1353 4333 1517 4417; x_wconf 82' lang='lat' dir='ltr'>quendem</span> <span class='ocrx_word' id='word_1_299' title='bbox 1531 4333 1569 4394; x_wconf 87' lang='lat' dir='ltr'>W</span> <span class='ocrx_word' id='word_1_300' title='bbox 1570 4332 1687 4397; x_wconf 81' lang='lat' dir='ltr'>illelmi</span> <span class='ocrx_word' id='word_1_301' title='bbox 1701 4331 1742 4395; x_wconf 90' lang='lat' dir='ltr'>de</span> <span class='ocrx_word' id='word_1_302' title='bbox 1757 4330 1894 4414; x_wconf 88' lang='lat' dir='ltr'>Belesby</span> <span class='ocrx_word' id='word_1_303' title='bbox 1905 4330 1946 4393; x_wconf 90' lang='lat' dir='ltr'>de</span> <span class='ocrx_word' id='word_1_304' title='bbox 1964 4329 2056 4394; x_wconf 80' lang='lat' dir='ltr'>feodo</span> 
     </span>
     <span class='ocr_line' id='line_1_30' title="bbox 557 4408 1013 4496; baseline 0.013 -26"><span class='ocrx_word' id='word_1_305' title='bbox 557 4408 687 4472; x_wconf 69' lang='lat' dir='ltr'>coelitis</span> <span class='ocrx_word' id='word_1_306' title='bbox 701 4408 743 4471; x_wconf 92' lang='lat' dir='ltr'>de</span> <span class='ocrx_word' id='word_1_307' title='bbox 758 4408 1013 4496; x_wconf 85' lang='lat' dir='ltr'>Bullyngbrcke.</span> 
     </span>
    </p>
   </div>
   <div class='ocr_carea' id='block_1_12' title="bbox 555 4557 2091 4830">
    <p class='ocr_par' dir='ltr' id='par_1_12' title="bbox 555 4557 2091 4830">
     <span class='ocr_line' id='line_1_31' title="bbox 601 4557 2091 4653; baseline 0.009 -37"><span class='ocrx_word' id='word_1_308' title='bbox 601 4557 785 4623; x_wconf 86' lang='lat' dir='ltr'>Willelmus</span> <span class='ocrx_word' id='word_1_309' title='bbox 804 4558 1163 4645; x_wconf 78' lang='lat' dir='ltr'>Dugherty,-Johunuee</span> <span class='ocrx_word' id='word_1_310' title='bbox 1178 4566 1294 4651; x_wconf 89' lang='lat' dir='ltr'>Besby,</span> <span class='ocrx_word' id='word_1_311' title='bbox 1307 4569 1491 4634; x_wconf 86' lang='lat' dir='ltr'>Willelmue</span> <span class='ocrx_word' id='word_1_312' title='bbox 1506 4569 1667 4653; x_wconf 81' lang='lat' dir='ltr'>Retheby,</span> <span class='ocrx_word' id='word_1_313' title='bbox 1680 4569 1840 4631; x_wconf 85' lang='lat' dir='ltr'>Robertus</span> <span class='ocrx_word' id='word_1_314' title='bbox 1864 4566 2007 4649; x_wconf 73' lang='lat' dir='ltr'>Wyntm,</span> <span class='ocrx_word' id='word_1_315' title='bbox 2023 4570 2058 4629; x_wconf 92' lang='lat' dir='ltr'>et</span> <span class='ocrx_word' id='word_1_316' title='bbox 2087 4590 2091 4597; x_wconf 91' lang='lat'><strong>·</strong></span> 
     </span>
     <span class='ocr_line' id='line_1_32' title="bbox 555 4643 2057 4744; baseline 0.006 -38"><span class='ocrx_word' id='word_1_317' title='bbox 555 4643 615 4707; x_wconf 83' lang='lat' dir='ltr'>ulii</span> <span class='ocrx_word' id='word_1_318' title='bbox 626 4649 741 4709; x_wconf 82' lang='lat' dir='ltr'>tenent</span> <span class='ocrx_word' id='word_1_319' title='bbox 756 4646 888 4710; x_wconf 80' lang='lat' dir='ltr'>divisim</span> <span class='ocrx_word' id='word_1_320' title='bbox 903 4648 981 4733; x_wconf 79' lang='lat' dir='ltr'>iij⁸¹¹¹</span> <span class='ocrx_word' id='word_1_321' title='bbox 997 4656 1121 4732; x_wconf 81' lang='lat' dir='ltr'>portem</span> <span class='ocrx_word' id='word_1_322' title='bbox 1132 4652 1159 4737; x_wconf 87' lang='lat' dir='ltr'>j.</span> <span class='ocrx_word' id='word_1_323' title='bbox 1177 4653 1200 4718; x_wconf 85' lang='lat' dir='ltr'>f.</span> <span class='ocrx_word' id='word_1_324' title='bbox 1212 4677 1256 4721; x_wconf 89' lang='lat' dir='ltr'>m.</span> <span class='ocrx_word' id='word_1_325' title='bbox 1270 4658 1306 4719; x_wconf 92' lang='lat' dir='ltr'>in</span> <span class='ocrx_word' id='word_1_326' title='bbox 1322 4658 1546 4725; x_wconf 78' lang='lat' dir='ltr'>Honsvscvov</span> <span class='ocrx_word' id='word_1_327' title='bbox 1563 4658 1724 4744; x_wconf 84' lang='lat' dir='ltr'>quondam</span> <span class='ocrx_word' id='word_1_328' title='bbox 1739 4655 1875 4718; x_wconf 85' lang='lat' dir='ltr'>Roberti</span> <span class='ocrx_word' id='word_1_329' title='bbox 1890 4654 1931 4716; x_wconf 89' lang='lat' dir='ltr'>de</span> <span class='ocrx_word' id='word_1_330' title='bbox 1946 4652 2057 4735; x_wconf 81' lang='lat' dir='ltr'>Myley</span> 
     </span>
     <span class='ocr_line' id='line_1_33' title="bbox 557 4731 1900 4830; baseline 0.009 -37"><span class='ocrx_word' id='word_1_331' title='bbox 557 4731 597 4794; x_wconf 91' lang='lat' dir='ltr'>de</span> <span class='ocrx_word' id='word_1_332' title='bbox 612 4732 705 4795; x_wconf 83' lang='lat' dir='ltr'>feodo</span> <span class='ocrx_word' id='word_1_333' title='bbox 720 4734 852 4798; x_wconf 85' lang='lat' dir='ltr'>comitis</span> <span class='ocrx_word' id='word_1_334' title='bbox 867 4736 906 4798; x_wconf 90' lang='lat' dir='ltr'>de</span> <span class='ocrx_word' id='word_1_335' title='bbox 924 4736 1062 4816; x_wconf 86' lang='lat' dir='ltr'>Ferrers,</span> <span class='ocrx_word' id='word_1_336' title='bbox 1079 4749 1126 4804; x_wconf 85' lang='lat' dir='ltr'>set</span> <span class='ocrx_word' id='word_1_337' title='bbox 1141 4762 1200 4825; x_wconf 91' lang='lat' dir='ltr'>pro</span> <span class='ocrx_word' id='word_1_338' title='bbox 1215 4752 1337 4828; x_wconf 83' lang='lat' dir='ltr'>quanto</span> <span class='ocrx_word' id='word_1_339' title='bbox 1353 4746 1491 4830; x_wconf 84' lang='lat' dir='ltr'>quilibet</span> <span class='ocrx_word' id='word_1_340' title='bbox 1506 4766 1617 4810; x_wconf 86' lang='lat' dir='ltr'>eorum</span> <span class='ocrx_word' id='word_1_341' title='bbox 1633 4749 1723 4808; x_wconf 88' lang='lat' dir='ltr'>tenet</span> <span class='ocrx_word' id='word_1_342' title='bbox 1739 4744 1900 4829; x_wconf 85' lang='lat' dir='ltr'>ignorant.</span> 
     </span>
    </p>
   </div>
   <div class='ocr_carea' id='block_1_13' title="bbox 557 4880 2058 5167">
    <p class='ocr_par' dir='ltr' id='par_1_13' title="bbox 557 4880 2058 5167">
     <span class='ocr_line' id='line_1_34' title="bbox 599 4880 2058 4977; baseline 0.007 -34"><span class='ocrx_word' id='word_1_343' title='bbox 599 4880 741 4947; x_wconf 82' lang='lat' dir='ltr'>Thomas</span> <span class='ocrx_word' id='word_1_344' title='bbox 756 4882 888 4965; x_wconf 89' lang='lat' dir='ltr'>Sutton,</span> <span class='ocrx_word' id='word_1_345' title='bbox 904 4885 1070 4951; x_wconf 86' lang='lat' dir='ltr'>Jchaunee</span> <span class='ocrx_word' id='word_1_346' title='bbox 1086 4889 1181 4975; x_wconf 86' lang='lat' dir='ltr'>Boys,</span> <span class='ocrx_word' id='word_1_347' title='bbox 1195 4897 1230 4954; x_wconf 89' lang='lat' dir='ltr'>et</span> <span class='ocrx_word' id='word_1_348' title='bbox 1251 4892 1415 4957; x_wconf 87' lang='lat' dir='ltr'>Robertus</span> <span class='ocrx_word' id='word_1_349' title='bbox 1438 4893 1596 4958; x_wconf 80' lang='lat' dir='ltr'>Stonhem</span> <span class='ocrx_word' id='word_1_350' title='bbox 1618 4898 1733 4958; x_wconf 90' lang='lat' dir='ltr'>teuent</span> <span class='ocrx_word' id='word_1_351' title='bbox 1754 4893 1887 4957; x_wconf 89' lang='lat' dir='ltr'>divisim</span> <span class='ocrx_word' id='word_1_352' title='bbox 1910 4898 2058 4977; x_wconf 79' lang='lat' dir='ltr'>quartem</span> 
     </span>
     <span class='ocr_line' id='line_1_35' title="bbox 557 4968 2058 5067; baseline 0.003 -33"><span class='ocrx_word' id='word_1_353' title='bbox 557 4974 683 5050; x_wconf 83' lang='lat' dir='ltr'>partem</span> <span class='ocrx_word' id='word_1_354' title='bbox 706 4968 736 5051; x_wconf 86' lang='lat' dir='ltr'>j.</span> <span class='ocrx_word' id='word_1_355' title='bbox 761 4969 785 5035; x_wconf 84' lang='lat' dir='ltr'>f.</span> <span class='ocrx_word' id='word_1_356' title='bbox 812 4991 856 5037; x_wconf 93' lang='lat' dir='ltr'>m.</span> <span class='ocrx_word' id='word_1_357' title='bbox 885 4976 920 5036; x_wconf 92' lang='lat' dir='ltr'>in</span> <span class='ocrx_word' id='word_1_358' title='bbox 950 4975 1120 5043; x_wconf 76' lang='lat' dir='ltr'>Svevnvov</span> <span class='ocrx_word' id='word_1_359' title='bbox 1150 4985 1185 5042; x_wconf 85' lang='lat' dir='ltr'>et</span> <span class='ocrx_word' id='word_1_360' title='bbox 1215 4979 1364 5059; x_wconf 68' lang='lat' dir='ltr'>Rusoni,</span> <span class='ocrx_word' id='word_1_361' title='bbox 1394 4982 1557 5067; x_wconf 83' lang='lat' dir='ltr'>quondam</span> <span class='ocrx_word' id='word_1_362' title='bbox 1588 4981 1730 5060; x_wconf 79' lang='lat' dir='ltr'>clericis,</span> <span class='ocrx_word' id='word_1_363' title='bbox 1761 4980 1922 5067; x_wconf 84' lang='lat' dir='ltr'>quondam</span> <span class='ocrx_word' id='word_1_364' title='bbox 1953 4978 2058 5041; x_wconf 88' lang='lat' dir='ltr'>uxoris</span> 
     </span>
     <span class='ocr_line' id='line_1_36' title="bbox 558 5053 1648 5167; baseline 0.015 -48"><span class='ocrx_word' id='word_1_365' title='bbox 558 5053 717 5119; x_wconf 85' lang='lat' dir='ltr'>Johannis</span> <span class='ocrx_word' id='word_1_366' title='bbox 731 5056 773 5121; x_wconf 88' lang='lat' dir='ltr'>de</span> <span class='ocrx_word' id='word_1_367' title='bbox 788 5058 974 5144; x_wconf 86' lang='lat' dir='ltr'>Scoteneye,</span> <span class='ocrx_word' id='word_1_368' title='bbox 991 5064 1032 5126; x_wconf 91' lang='lat' dir='ltr'>de</span> <span class='ocrx_word' id='word_1_369' title='bbox 1048 5064 1142 5127; x_wconf 78' lang='lat' dir='ltr'>feodo</span> <span class='ocrx_word' id='word_1_370' title='bbox 1157 5067 1197 5129; x_wconf 92' lang='lat' dir='ltr'>de</span> <span class='ocrx_word' id='word_1_371' title='bbox 1213 5087 1299 5151; x_wconf 85' lang='lat' dir='ltr'>rege,</span> <span class='ocrx_word' id='word_1_372' title='bbox 1314 5076 1362 5132; x_wconf 84' lang='lat' dir='ltr'>set</span> <span class='ocrx_word' id='word_1_373' title='bbox 1377 5090 1435 5153; x_wconf 91' lang='lat' dir='ltr'>pro</span> <span class='ocrx_word' id='word_1_374' title='bbox 1450 5075 1571 5167; x_wconf 86' lang='lat' dir='ltr'>quanto</span> <span class='ocrx_word' id='word_1_375' title='bbox 1586 5076 1648 5136; x_wconf 85' lang='lat' dir='ltr'>eto.</span> 
     </span>
    </p>
   </div>
   <div class='ocr_carea' id='block_1_14' title="bbox 553 5204 2060 5464">
    <p class='ocr_par' dir='ltr' id='par_1_14' title="bbox 553 5204 2060 5464">
     <span class='ocr_line' id='line_1_37' title="bbox 601 5204 2059 5301; baseline 0.006 -34"><span class='ocrx_word' id='word_1_376' title='bbox 601 5205 747 5270; x_wconf 84' lang='lat' dir='ltr'>Heredes</span> <span class='ocrx_word' id='word_1_377' title='bbox 767 5204 926 5271; x_wconf 81' lang='lat' dir='ltr'>Johennis</span> <span class='ocrx_word' id='word_1_378' title='bbox 948 5209 988 5271; x_wconf 90' lang='lat' dir='ltr'>de</span> <span class='ocrx_word' id='word_1_379' title='bbox 1013 5210 1195 5297; x_wconf 81' lang='lat' dir='ltr'>Themylby</span> <span class='ocrx_word' id='word_1_380' title='bbox 1216 5220 1335 5279; x_wconf 90' lang='lat' dir='ltr'>tenent</span> <span class='ocrx_word' id='word_1_381' title='bbox 1357 5220 1392 5281; x_wconf 92' lang='lat' dir='ltr'>in</span> <span class='ocrx_word' id='word_1_382' title='bbox 1415 5219 1533 5285; x_wconf 78' lang='lat' dir='ltr'>Ponou</span> <span class='ocrx_word' id='word_1_383' title='bbox 1554 5224 1588 5282; x_wconf 86' lang='lat' dir='ltr'>et</span> <span class='ocrx_word' id='word_1_384' title='bbox 1609 5218 1814 5301; x_wconf 71' lang='lat' dir='ltr'>Eumedes</span> <span class='ocrx_word' id='word_1_385' title='bbox 1829 5213 1918 5300; x_wconf 66' lang='lat' dir='ltr'>iiijvv</span> <span class='ocrx_word' id='word_1_386' title='bbox 1935 5218 2059 5298; x_wconf 77' lang='lat' dir='ltr'>partem</span> 
     </span>
     <span class='ocr_line' id='line_1_38' title="bbox 553 5292 2060 5388; baseline 0.005 -33"><span class='ocrx_word' id='word_1_387' title='bbox 553 5292 580 5377; x_wconf 89' lang='lat' dir='ltr'>j.</span> <span class='ocrx_word' id='word_1_388' title='bbox 597 5294 621 5357; x_wconf 75' lang='lat' dir='ltr'>f.</span> <span class='ocrx_word' id='word_1_389' title='bbox 637 5313 682 5357; x_wconf 90' lang='lat' dir='ltr'>m.</span> <span class='ocrx_word' id='word_1_390' title='bbox 711 5294 796 5358; x_wconf 91' lang='lat' dir='ltr'>uude</span> <span class='ocrx_word' id='word_1_391' title='bbox 818 5294 967 5375; x_wconf 81' lang='lat' dir='ltr'>Ieebelle,</span> <span class='ocrx_word' id='word_1_392' title='bbox 989 5298 1103 5363; x_wconf 86' lang='lat' dir='ltr'>relicte</span> <span class='ocrx_word' id='word_1_393' title='bbox 1125 5302 1205 5366; x_wconf 88' lang='lat' dir='ltr'>dicti</span> <span class='ocrx_word' id='word_1_394' title='bbox 1229 5302 1400 5383; x_wconf 85' lang='lat' dir='ltr'>Jchennis,</span> <span class='ocrx_word' id='word_1_395' title='bbox 1422 5311 1514 5369; x_wconf 87' lang='lat' dir='ltr'>tenet</span> <span class='ocrx_word' id='word_1_396' title='bbox 1538 5306 1670 5369; x_wconf 82' lang='lat' dir='ltr'>terciam</span> <span class='ocrx_word' id='word_1_397' title='bbox 1696 5310 1824 5388; x_wconf 82' lang='lat' dir='ltr'>partem</span> <span class='ocrx_word' id='word_1_398' title='bbox 1838 5303 1925 5365; x_wconf 86' lang='lat' dir='ltr'>dicte</span> <span class='ocrx_word' id='word_1_399' title='bbox 1947 5307 2060 5387; x_wconf 84' lang='lat' dir='ltr'>quarte</span> 
     </span>
     <span class='ocr_line' id='line_1_39' title="bbox 557 5381 2049 5464; baseline 0.006 -20"><span class='ocrx_word' id='word_1_400' title='bbox 557 5381 659 5464; x_wconf 84' lang='lat' dir='ltr'>pertis</span> <span class='ocrx_word' id='word_1_401' title='bbox 673 5383 807 5445; x_wconf 89' lang='lat' dir='ltr'>nomine</span> <span class='ocrx_word' id='word_1_402' title='bbox 822 5382 909 5447; x_wconf 91' lang='lat' dir='ltr'>dotis</span> <span class='ocrx_word' id='word_1_403' title='bbox 924 5405 990 5449; x_wconf 88' lang='lat' dir='ltr'>sue.</span> <span class='ocrx_word' id='word_1_404' title='bbox 2044 5442 2049 5453; x_wconf 92' lang='grc'><em>,</em></span> 
     </span>
    </p>
   </div>
   <div class='ocr_carea' id='block_1_15' title="bbox 600 5529 2061 5630">
    <p class='ocr_par' dir='ltr' id='par_1_15' title="bbox 600 5529 2061 5630">
     <span class='ocr_line' id='line_1_40' title="bbox 600 5529 2061 5630; baseline 0.007 -39"><span class='ocrx_word' id='word_1_405' title='bbox 600 5529 743 5593; x_wconf 87' lang='lat' dir='ltr'>Heredes</span> <span class='ocrx_word' id='word_1_406' title='bbox 759 5530 890 5596; x_wconf 83' lang='lat' dir='ltr'>Roberti</span> <span class='ocrx_word' id='word_1_407' title='bbox 906 5534 1015 5599; x_wconf 86' lang='lat' dir='ltr'>Leeke</span> <span class='ocrx_word' id='word_1_408' title='bbox 1029 5542 1144 5603; x_wconf 71' lang='lat' dir='ltr'>teuent</span> <span class='ocrx_word' id='word_1_409' title='bbox 1160 5542 1195 5603; x_wconf 89' lang='lat' dir='ltr'>in</span> <span class='ocrx_word' id='word_1_410' title='bbox 1214 5543 1430 5611; x_wconf 74' lang='lat' dir='ltr'>Svsuvsoove</span> <span class='ocrx_word' id='word_1_411' title='bbox 1447 5566 1494 5630; x_wconf 79' lang='lat' dir='ltr'>ln]</span> <span class='ocrx_word' id='word_1_412' title='bbox 1514 5552 1536 5582; x_wconf 75' lang='lat'>¹¹¹</span> <span class='ocrx_word' id='word_1_413' title='bbox 1556 5548 1679 5626; x_wconf 87' lang='lat' dir='ltr'>partem</span> <span class='ocrx_word' id='word_1_414' title='bbox 1690 5543 1718 5626; x_wconf 91' lang='lat' dir='ltr'>j.</span> <span class='ocrx_word' id='word_1_415' title='bbox 1735 5541 1758 5607; x_wconf 88' lang='lat' dir='ltr'>f.</span> <span class='ocrx_word' id='word_1_416' title='bbox 1775 5562 1819 5606; x_wconf 92' lang='lat' dir='ltr'>m.</span> <span class='ocrx_word' id='word_1_417' title='bbox 1842 5540 1884 5605; x_wconf 85' lang='lat' dir='ltr'>de</span> <span class='ocrx_word' id='word_1_418' title='bbox 1905 5538 1999 5601; x_wconf 82' lang='lat' dir='ltr'>feodo</span> <span class='ocrx_word' id='word_1_419' title='bbox 2021 5538 2061 5601; x_wconf 87' lang='lat' dir='ltr'>de</span> 
     </span>
    </p>
   </div>
   <div class='ocr_carea' id='block_1_16' title="bbox 557 5616 2063 5773">
    <p class='ocr_par' dir='ltr' id='par_1_16' title="bbox 557 5616 2063 5773">
     <span class='ocr_line' id='line_1_41' title="bbox 557 5616 2063 5768; baseline 0.01 -87"><span class='ocrx_word' id='word_1_420' title='bbox 557 5617 679 5719; x_wconf 72' lang='lat' dir='ltr'>ducatu</span> <span class='ocrx_word' id='word_1_421' title='bbox 695 5616 894 5768; x_wconf 51' lang='lat' dir='ltr'>laeucmtrie,</span> <span class='ocrx_word' id='word_1_422' title='bbox 908 5623 995 5687; x_wconf 90' lang='lat' dir='ltr'>unde</span> <span class='ocrx_word' id='word_1_423' title='bbox 1010 5644 1089 5688; x_wconf 85' lang='lat' dir='ltr'>uxor</span> <span class='ocrx_word' id='word_1_424' title='bbox 1105 5627 1186 5693; x_wconf 90' lang='lat' dir='ltr'>dicti</span> <span class='ocrx_word' id='word_1_425' title='bbox 1203 5630 1338 5697; x_wconf 84' lang='lat' dir='ltr'>Rcb&#39;erti</span> <span class='ocrx_word' id='word_1_426' title='bbox 1351 5639 1444 5697; x_wconf 84' lang='lat' dir='ltr'>tenet</span> <span class='ocrx_word' id='word_1_427' title='bbox 1460 5631 1595 5696; x_wconf 80' lang='lat' dir='ltr'>terciam</span> <span class='ocrx_word' id='word_1_428' title='bbox 1610 5636 1735 5714; x_wconf 82' lang='lat' dir='ltr'>partem</span> <span class='ocrx_word' id='word_1_429' title='bbox 1756 5628 1844 5693; x_wconf 89' lang='lat' dir='ltr'>dicte</span> <span class='ocrx_word' id='word_1_430' title='bbox 1865 5626 1941 5713; x_wconf 66' lang='lat' dir='ltr'>iiij*e</span> <span class='ocrx_word' id='word_1_431' title='bbox 1960 5625 2063 5708; x_wconf 70' lang='lat' dir='ltr'>parti!</span> 
     </span>
     <span class='ocr_line' id='line_1_42' title="bbox 557 5724 895 5773; baseline 0.012 -6"><span class='ocrx_word' id='word_1_432' title='bbox 557 5724 691 5768; x_wconf 89' lang='lat' dir='ltr'>nomme</span> <span class='ocrx_word' id='word_1_433' title='bbox 729 5726 749 5767; x_wconf 88' lang='lat' dir='ltr'>c</span> <span class='ocrx_word' id='word_1_434' title='bbox 766 5725 795 5768; x_wconf 76' lang='lat' dir='ltr'>is</span> <span class='ocrx_word' id='word_1_435' title='bbox 810 5727 895 5773; x_wconf 85' lang='lat' dir='ltr'>sue.-</span> 
     </span>
    </p>
   </div>
   <div class='ocr_carea' id='block_1_17' title="bbox 558 5851 2061 6037">
    <p class='ocr_par' dir='ltr' id='par_1_17' title="bbox 558 5851 2061 6037">
     <span class='ocr_line' id='line_1_43' title="bbox 600 5851 2061 5947; baseline 0.003 -30"><span class='ocrx_word' id='word_1_436' title='bbox 600 5851 760 5917; x_wconf 85' lang='lat' dir='ltr'>Bobertus</span> <span class='ocrx_word' id='word_1_437' title='bbox 774 5851 898 5919; x_wconf 85' lang='lat' dir='ltr'>Elende</span> <span class='ocrx_word' id='word_1_438' title='bbox 914 5861 1009 5924; x_wconf 89' lang='lat' dir='ltr'>tenet</span> <span class='ocrx_word' id='word_1_439' title='bbox 1024 5861 1059 5924; x_wconf 92' lang='lat' dir='ltr'>in</span> <span class='ocrx_word' id='word_1_440' title='bbox 1084 5863 1265 5943; x_wconf 74' lang='lat' dir='ltr'>Summos,</span> <span class='ocrx_word' id='word_1_441' title='bbox 1288 5868 1440 5947; x_wconf 79' lang='lat' dir='ltr'>Msuvou,</span> <span class='ocrx_word' id='word_1_442' title='bbox 1455 5868 1723 5936; x_wconf 76' lang='lat' dir='ltr'>Wennvovvonvn</span> <span class='ocrx_word' id='word_1_443' title='bbox 1746 5870 1779 5928; x_wconf 85' lang='lat' dir='ltr'>et</span> <span class='ocrx_word' id='word_1_444' title='bbox 1800 5862 1879 5927; x_wconf 83' lang='lat' dir='ltr'>alibi</span> <span class='ocrx_word' id='word_1_445' title='bbox 1902 5860 2061 5946; x_wconf 77' lang='lat' dir='ltr'>quondum</span> 
     </span>
     <span class='ocr_line' id='line_1_44' title="bbox 558 5938 1430 6037; baseline 0.016 -34"><span class='ocrx_word' id='word_1_446' title='bbox 558 5938 695 6003; x_wconf 87' lang='lat' dir='ltr'>Roberti</span> <span class='ocrx_word' id='word_1_447' title='bbox 712 5940 832 6004; x_wconf 88' lang='lat' dir='ltr'>Breton</span> <span class='ocrx_word' id='word_1_448' title='bbox 848 5964 905 6010; x_wconf 91' lang='lat' dir='ltr'>un.</span> <span class='ocrx_word' id='word_1_449' title='bbox 922 5946 945 6010; x_wconf 81' lang='lat' dir='ltr'>f.</span> <span class='ocrx_word' id='word_1_450' title='bbox 964 5968 1007 6012; x_wconf 88' lang='lat' dir='ltr'>m.</span> <span class='ocrx_word' id='word_1_451' title='bbox 1023 5949 1064 6011; x_wconf 90' lang='lat' dir='ltr'>de</span> <span class='ocrx_word' id='word_1_452' title='bbox 1082 5951 1176 6013; x_wconf 85' lang='lat' dir='ltr'>leode</span> <span class='ocrx_word' id='word_1_453' title='bbox 1191 5954 1232 6014; x_wconf 89' lang='lat' dir='ltr'>de</span> <span class='ocrx_word' id='word_1_454' title='bbox 1248 5955 1430 6037; x_wconf 83' lang='lat' dir='ltr'>Tatyshull.</span> 
     </span>
    </p>
   </div>
   <div class='ocr_carea' id='block_1_18' title="bbox 0 0 2514 7044">
    <p class='ocr_par' dir='ltr' id='par_1_18' title="bbox 0 0 2514 7044">
     <span class='ocr_line' id='line_1_45' title="bbox 0 0 2514 7044; baseline 0 0"><span class='ocrx_word' id='word_1_455' title='bbox 0 0 2514 7044; x_wconf 95' lang='lat' dir='ltr'> </span> 
     </span>
    </p>
   </div>
  </div>
 </body>
</html>
