5000 7050
1112 1077 1195 1144 A.D.
1221 1079 1317 1144 1428.
1899 1075 1962 1140 sol

503 1371 677 1436 Edwardns
698 1370 872 1454 'lhrrtevyle
896 1373 987 1434 tenet
1012 1371 1047 1432 in
1061 1369 1174 1433 eadem
1189 1367 1370 1432 inmediate
1384 1386 1460 1430 oum
1475 1363 1661 1430 tenentibus
1676 1363 1743 1428 suis
1757 1364 1802 1430 di.
1819 1363 1843 1430 l.
1859 1383 1905 1431 m.
1920 1363 1961 1428 de

460 1461 599 1526 Ricardo
613 1459 682 1523 filio
698 1458 852 1539 Simonis,
869 1458 954 1542 quod
970 1477 1073 1542 nuper
1087 1457 1152 1521 fuit
1167 1455 1299 1522 Ricardi
1315 1453 1423 1518 Curlu.

460 1686 482 1749 d
504 1597 612 1700 libbas
628 1596 669 1661 de
685 1594 791 1682 Creylr
805 1600 897 1660 tenet
910 1596 947 1658 in
963 1595 1117 1678 Qusanns
1131 1593 1177 1659 di.
1193 1591 1216 1657 l.
1232 1614 1279 1659 m.
1295 1592 1334 1655 de
1349 1591 1476 1676 Rogero
1491 1589 1559 1652 filio
1575 1588 1700 1655 Osberti
1714 1611 1772 1675 pro
1787 1611 1852 1675 quo
1867 1591 1962 1655 solvit

483 1705 612 1750 ecunas.
1385 1743 1388 1750 ,
1583 1733 1588 1745 .

505 1823 662 1888 Ricardus
690 1821 811 1885 Ventre
841 1824 932 1884 tenet
958 1820 992 1883 in
1017 1819 1216 1887 Gornrrroan
1242 1817 1423 1881 inmediate
1448 1835 1548 1878 unum
1576 1815 1774 1900 quarterium
1797 1815 1820 1882 f.
1848 1837 1893 1882 m.
1925 1815 1965 1880 de

461 1909 602 1995 Hugone
617 1908 759 1988 Bardolf,
773 1909 861 1994 quod
875 1928 981 1992 nuper
996 1908 1062 1971 fnit
1075 1906 1197 1971 Thome
1213 1903 1339 1970 Bakon.

505 2049 661 2115 Ricardus
684 2046 852 2134 Ryngford
874 2043 1095 2197 HRyngstede]
1115 2050 1221 2147 tenet·
1235 2045 1269 2106 in
1293 2041 1404 2144 eadem
1432 2042 1611 2144 inmediate
1636 2061 1739 2104 unum
1765 2044 1964 2126 quarterium

461 2135 763 2310 {Riphgpoelgpf‘one
779 2134 885 2198 Bardo
898 2135 923 2213 l,
937 2134 1023 2218 qnod
1048 2153 1152 2218 nuper
1175 2132 1240 2195 furt
1263 2129 1354 2194 Petrr
1385 2129 1436 2210 (de
1463 2131 1703 2213 Lererrngsete)
1729 2129 1770 2192 de
1797 2129 1965 2216 Rynglord

505 2361 599 2424 Prior
612 2361 653 2425 de
667 2358 901 2446 Walsyngham
917 2363 1007 2422 tenet
1022 2357 1058 2422 in
1072 2357 1221 2424 Ecunan
1235 2354 1413 2419 inmediate
1428 2353 1474 2421 di.
1490 2355 1513 2418 f.
1530 2375 1575 2420 m.
1591 2353 1631 2417 de
1648 2353 1797 2438 episcopo
1813 2351 1964 2436 Norrrici,

460 2449 546 2532 quod
561 2469 665 2533 nuper
679 2447 744 2511 fuit
760 2447 918 2511 Willelmi
933 2445 1107 2530 Sohipene.

446 2557 450 2563 .
505 2584 597 2647 idem
611 2584 699 2667 prior
712 2587 806 2646 tenet
821 2583 856 2646 in
872 2581 985 2646 eadem
999 2582 1178 2646 inmediate
1196 2581 1242 2646 di.
1262 2578 1284 2644 l.
1302 2599 1347 2644 m.
1364 2577 1403 2640 de
1419 2577 1506 2641 dicto
1532 2577 1680 2660 episcopo
1706 2575 1857 2654 Norwici,
1879 2576 1966 2662 quod

459 2692 564 2756 nuper
577 2671 643 2735 fuit
656 2670 791 2734 Roherti
805 2669 846 2733 de
868 2667 1049 2756 [Kelling].

506 2811 599 2874 Idem
614 2810 701 2894 prior
715 2814 750 2874 et
764 2809 941 2893 percenarii
958 2810 1008 2872 sui
1024 2807 1188 2872 tenentia
1205 2803 1320 2872 eadem
1334 2803 1512 2868 inmediate
1528 2823 1631 2865 unum
1654 2802 1855 2888 quarterium
1877 2804 1900 2869 f.
1917 2825 1963 2870 m.

460 2897 501 2961 de
516 2899 637 2962 comite
652 2896 854 2974 Warrennie,
868 2897 954 2979 quod
971 2917 1074 2979 nuper
1088 2895 1154 2960 fuis
1169 2893 1300 2958 Ricardi
1315 2892 1354 2957 de
1377 2888 1616 2974 Walsyngham.

506 3034 597 3098 Prior
623 3033 663 3098 de
687 3034 783 3098 Petro
810 3038 900 3098 tenet
926 3034 961 3096 in
984 3034 1098 3097 eadem
1123 3032 1304 3096 inmediate
1328 3049 1431 3092 unum
1455 3029 1656 3111 quarterium
1683 3027 1705 3092 f.
1721 3049 1766 3093 m.
1793 3030 1829 3091 et
1854 3027 1900 3094 di.
1923 3029 1965 3093 de

462 3126 613 3208 episcopo
627 3121 779 3202 Norrrioi,
795 3122 880 3206 quod
896 3141 1000 3204 nuper
1014 3122 1080 3185 fuit
1093 3125 1346 3221 autecessorum.

507 3254 650 3318 Heredes
675 3252 834 3320 Willelmi
857 3253 898 3316 de
926 3250 1145 3337 Hevyngham
1168 3257 1283 3317 tenent
1308 3254 1343 3316 iu
1369 3254 1519 3321 sarram
1542 3254 1719 3319 inmediate
1744 3254 1789 3320 di.
1805 3254 1827 3318 f.
1851 3209 1897 3322 ln.
1923 3254 1964 3318 de

462 3342 600 3407 Ricardo
615 3340 683 3403 lilio
697 3339 841 3404 Simonis
856 3339 942 3423 quod
964 3337 1166 3426 [Willelmus
1180 3339 1224 3404 de
1241 3339 1458 3426 Hevyngham
1474 3342 1637 3426 quondam
1652 3338 1794 3428 tenuit].

506 3479 646 3547 Thomas
669 3479 780 3545 Estlee
805 3483 899 3545 tenet
921 3480 956 3543 in
983 3479 1244 3550 Hmnaruousn
1269 3481 1447 3545 inmediate
1473 3501 1574 3544 unum
1600 3481 1798 3567 quarterium
1820 3481 1844 3549 f.
1861 3502 1907 3549 m.
1924 3481 1965 3547 de

464 3569 605 3656 Hugone
619 3568 763 3647 Bardolf,
777 3568 864 3652 quod
879 3588 983 3652 nuper
997 3568 1063 3632 fuit
1077 3567 1232 3632 heredum
1256 3566 1365 3655 [Alani
1381 3566 1437 3655 de]
1459 3570 1569 3632 Noers.

507 3700 654 3765 Heredes
676 3697 837 3764 Johannis
860 3700 1036 3784 'Ihrrtevyle
1059 3704 1174 3764 tenent
1199 3699 1234 3764 in
1251 3696 1404 3767 Sarrunr'
1416 3700 1595 3764 iumediate
1610 3700 1655 3765 di.
1671 3700 1694 3766 f.
1711 3720 1757 3768 m.
1772 3700 1813 3765 de
1827 3672 1966 3765 Ricardo

464 3786 532 3852 filio
546 3788 689 3852 Simonis
703 3788 788 3873 quod
802 3785 967 3852 lohannes
980 3787 1154 3871 Turteryle
1170 3787 1335 3873 quondam
1349 3789 1469 3853 tenuit.

506 3921 629 3987 Dicunt
643 3922 747 3987 eciam
756 3920 917 4007 juratores
931 3918 1072 4005 predicti
1086 3920 1172 4006 quod
1186 3918 1276 3984 nulle
1292 3923 1368 3984 sunt
1382 3920 1445 3984 alie
1460 3940 1594 4005 persone
1609 3919 1669 3985 do.

915 4163 1136 4228 Hunnaanuu
1159 4183 1203 4227 nn
1228 4158 1515 4229 SOHROPHAM.

507 4324 684 4411 Inquisioio
698 4327 793 4406 capta
807 4323 893 4405 apud
909 4323 1065 4388 Wattone
1080 4324 1134 4387 die
1148 4323 1241 4388 Lune
1257 4326 1403 4409 proxima
1417 4330 1490 4409 post
1509 4325 1631 4388 festum
1646 4322 1839 4388 Natiuitatis
1854 4323 1966 4389 Sancti

458 4413 485 4489 ,J
486 4412 622 4475 ohannis
638 4411 788 4493 Baptiste
802 4430 888 4474 anno
903 4412 994 4495 regni
1008 4412 1095 4494 regis
1109 4411 1245 4475 Henrioi
1262 4413 1345 4475 sexti
1360 4420 1450 4476 sexto
1465 4414 1498 4474 in
1523 4409 1691 4476 hundredo
1716 4411 1757 4475 de
1784 4411 1965 4494 Shropham

463 4502 639 4564 comitatus
664 4496 832 4561 Norfollrie
858 4518 966 4561 coram
993 4496 1150 4561 Nioholao
1175 4498 1292 4577 Castel,
1309 4498 1474 4563 Willelmo
1489 4498 1650 4579 Waltone,
1666 4497 1803 4562 Ricardo
1829 4499 1916 4563 Bour
1930 4505 1966 4564 et

464 4590 559 4651 sociis
583 4589 649 4651 suis
674 4584 899 4649 collectoribus
925 4584 1063 4648 subsidii
1085 4586 1211 4650 domini
1234 4588 1322 4670 regis
1349 4588 1384 4649 in
1407 4586 1527 4649 ultimo
1553 4586 1767 4669 parliamento
1791 4606 1848 4650 suo
1879 4589 1965 4671 apud

466 4672 789 4738 Westmonesterinm
805 4674 839 4735 in
854 4672 1019 4755 quindena
1033 4672 1146 4736 Sancti
1160 4672 1333 4737 Michaelis
1348 4672 1466 4737 ultimo
1481 4674 1636 4757 preterita
1650 4676 1743 4737 tento
1764 4680 1799 4737 et
1823 4676 1967 4737 concessi

464 4783 521 4847 per
545 4765 782 4826 sacramentum
808 4759 965 4823 Willelmi
994 4760 1121 4838 werke,
1149 4760 1283 4825 Roherti
1312 4759 1431 4841 Pnslre,
1462 4760 1619 4827 Johannis
1649 4760 1777 4844 Wryth,
1806 4760 1965 4830 Johannis

465 4849 594 4927 Parlrer,
608 4848 743 4913 Roherti
758 4846 875 4930 Roper,
891 4846 1050 4914 Johannis
1064 4848 1164 4925 Peke,
1179 4848 1337 4912 Willelmi
1360 4849 1515 4926 Hermam
1540 4846 1672 4911 Ricardi
1695 4848 1818 4927 Tauno,
1843 4846 1966 4914 Thome

465 4935 635 5016 Rowhede,
652 4935 787 4999 Roherti
803 4934 918 5014 Baker,
935 4935 1069 4999 Henrici
1085 4935 1193 5014 Veele,
1209 4933 1333 4999 'l'home
1347 4934 1449 5016 Rolre,
1466 4934 1600 4999 Roherti
1615 4933 1746 5015 Barker,
1767 4935 1963 5020 juratorum,

464 5026 521 5107 qui
558 5024 674 5088 dicunt
699 5044 756 5107 per
779 5029 1018 5086 sacramentum
1048 5043 1142 5085 suum
1172 5022 1259 5105 qnod
1288 5042 1401 5087 omnes
1429 5042 1562 5107 persone
1591 5024 1626 5087 in
1656 5024 1722 5087 ista
1749 5024 1965 5106 inquisicione

464 5112 633 5187 nominate
670 5116 747 5174 sunt
785 5110 897 5174 seisite
933 5115 968 5173 et
1005 5112 1239 5193 possessionate
1277 5116 1312 5173 et
1347 5130 1461 5174 eorum
1497 5108 1638 5195 quilibet
1674 5114 1724 5176 est
1761 5112 1892 5175 seisitus
1932 5117 1967 5175 et

463 5198 718 5282 possessionatus
732 5197 773 5260 de
789 5197 884 5260 terris
899 5203 934 5260 et
949 5201 1147 5261 tenementis
1161 5200 1197 5261 in
1212 5196 1377 5261 dominico
1392 5216 1450 5261 sno
1465 5200 1503 5260 ut
1517 5197 1557 5261 de
1571 5197 1674 5262 libero
1695 5202 1883 5262 tenemento
1908 5218 1966 5261 suo

464 5291 499 5348 et
513 5290 626 5349 tenent
641 5305 697 5347 seu
712 5290 804 5348 tenet
820 5284 914 5347 modo
928 5289 962 5347 et
976 5283 1080 5348 forma
1095 5306 1157 5369 que
1172 5290 1366 5369 sequuntur,
1381 5284 1532 5349 videlicet
1544 5284 1631 5367 quod
1641 5310 1694 5349 :-

465 5472 675 5625 Elilohalpnes
703 5473 770 5558 Fyz
798 5473 881 5537 Raie
910 5477 1003 5538 tenet
1032 5473 1068 5561 ij.
1095 5487 1120 5539 s.
1147 5496 1194 5540 m.
1225 5476 1259 5538 in
1291 5476 1502 5541 Ennmonru
1532 5473 1695 5557 quondam
1724 5474 1899 5537 Alexandri
1928 5474 1967 5538 de

517 5582 585 5647 yng
608 5582 672 5626 am.

508 5697 667 5763 Moniales
681 5697 723 5761 de
737 5696 893 5781 Brysaerd
909 5701 1023 5761 tenent
1032 5698 1062 5782 j.
1079 5697 1102 5763 f.
1118 5718 1163 5764 m.
1179 5698 1215 5761 in
1231 5698 1398 5775 Hsaonsu
1413 5718 1471 5783 per
1486 5700 1674 5781 perpetuam
1689 5696 1909 5762 elemosinam.

466 5833 673 5985 Mlohannes
696 5830 763 5917 Fyz
783 5831 864 5897 Bais
889 5838 982 5899 tenet
1008 5832 1058 5921 iij.
1074 5840 1181 5918 partes
1207 5833 1230 5899 f.
1245 5855 1292 5901 m.
1317 5835 1352 5897 iu
1382 5834 1539 5899 Rocnoun
1565 5832 1727 5917 quondam
1752 5830 1911 5897 Johannis
1937 5832 1968 5897 le

505 5942 598 6007 oyne.
