5000 7050
1115 1126 1199 1191 al).
1225 1129 1320 1193 1431.
1623 1154 1628 1163 ·
1909 1124 1972 1189 365

513 1410 655 1476 Thomas
681 1415 760 1499 Lyle
786 1416 826 1479 de
852 1416 1018 1501 Sawclyffe
1044 1417 1079 1480 in
1102 1418 1263 1481 comitatu
1285 1416 1463 1493 Lincolnie,
1480 1416 1630 1496 armiger,
1647 1415 1734 1477 infra
1749 1417 1873 1477 etatem
1887 1419 1922 1477 et
1936 1416 1972 1476 in

471 1501 619 1563 custodia
631 1502 756 1566 domini
771 1506 867 1587 regia,
881 1505 945 1567 fuit
961 1506 1090 1571 scisitns
1106 1510 1168 1569 etc.
1178 1506 1218 1568 de
1235 1506 1381 1567 manerio
1397 1503 1437 1567 de
1450 1504 1647 1571 Sawcnvvrn
1658 1521 1733 1564 cum
1748 1501 1973 1584 pertinenciis,

470 1587 773 1757 ppppatpppgpgtper
788 1592 959 1655 servicium
974 1594 1163 1656 medietatis
1180 1614 1233 1657 un.
1250 1591 1273 1656 f.
1291 1613 1335 1656 m.
1358 1597 1393 1655 et
1415 1596 1526 1653 manet
1551 1592 1585 1651 iu
1611 1610 1713 1652 manu
1738 1589 1861 1652 domini
1887 1590 1974 1672 regis

517 1812 684 1893 Henricns‚
715 1814 864 1878 dominus
894 1816 933 1878 de
965 1816 1055 1878 Bello
1085 1816 1210 1893 Monte,
1237 1818 1303 1879 fuit
1328 1818 1459 1879 scisitus
1485 1821 1548 1880 etc.
1579 1816 1621 1878 de
1650 1815 1785 1878 diversis
1814 1816 1909 1877 terris
1938 1820 1974 1877 et

472 1903 669 2050 tenemeIptis
692 1902 728 2049 {n
752 1904 971 1981 ervuuuvou,
997 1926 1059 1989 que
1084 1910 1239 1968 tenentur
1266 1925 1323 1987 per
1347 1906 1517 1968 servicium
1545 1908 1660 1966 octavo
1688 1904 1789 1986 partis
1817 1922 1871 1967 un.
1888 1902 1911 1967 f.
1928 1923 1971 1966 m.

472 1992 578 2051 vocati
622 2009 690 2052 erse
704 2010 752 2054 ee.

515 2124 671 2188 Robcrtus
687 2125 808 2189 Santon
824 2128 864 2190 de
880 2127 1003 2191 Santon
1019 2129 1052 2190 in
1069 2130 1228 2191 comitatu
1253 2129 1410 2210 predicto,
1434 2127 1634 2211 gentelman,
1661 2126 1728 2189 fuit
1752 2129 1884 2190 scisitus
1909 2132 1970 2190 etc.

472 2211 512 2275 de
538 2215 681 2361 panerio
704 2215 745 2278 de
771 2215 899 2281 Saurorv
925 2238 999 2277 enm
1016 2217 1234 2324 pertinenciis,
1250 2237 1313 2298 que
1328 2222 1457 2277 tenetur
1472 2236 1528 2297 per
1544 2216 1714 2277 servicium
1730 2214 1856 2277 decime
1871 2216 1972 2297 partis
1995 2212 2004 2225 ⁹

474 2320 529 2364 un.
561 2322 628 2364 .m.

516 2434 676 2516 Johanua,
690 2459 752 2520 que
768 2437 833 2501 fuit
849 2460 927 2501 uxor
941 2440 962 2503 J
964 2440 1099 2502 ohannis
1115 2438 1361 2521 Fawconberge,
1379 2437 1550 2519 miltiade
1567 2437 1675 2500 Warm
1700 2486 1968 2517 ......

471 2524 615 2603 wedowo,
632 2524 697 2589 fuit
712 2527 824 2588 scisita
838 2531 900 2591 etc.
918 2527 959 2591 de
985 2528 1130 2591 manerio
1152 2528 1191 2590 ds
1208 2528 1358 2593 Wuvvarv
1383 2546 1457 2587 cum
1481 2526 1701 2608 pertinenciis,
1729 2527 1814 2610 qnod
1830 2532 1916 2589 tenet
1923 2548 1970 2605 ur,

473 2633 528 2695 per
543 2614 713 2675 servicium
728 2613 916 2677 medietatis
932 2636 988 2680 un.
1005 2615 1027 2679 f.
1045 2636 1089 2680 m.

515 2748 654 2813 Thomas
684 2749 806 2813 Santon
836 2753 876 2815 de
907 2752 1096 2838 Flyxburgh
1126 2751 1231 2815 Parke
1261 2745 1296 2814 in
1326 2752 1485 2833 comitatu
1515 2751 1695 2829 Lincolnie,
1725 2752 1875 2834 armiger,
1905 2751 1973 2814 fnit

473 2836 603 2900 seisitus
619 2845 684 2903 etc.
699 2838 740 2900 de
755 2836 898 2903 manerio
913 2839 954 2903 de
969 2842 1077 2905 Pinva
1094 2841 1313 2907 Couvrvonsav
1335 2860 1410 2901 cum
1433 2840 1500 2901 nnis
1523 2838 1746 2921 pertinenciis,
1772 2843 1810 2901 ut
1833 2838 1873 2902 de
1899 2838 1971 2925 jure

474 2924 667 3009 Margarete,
684 2927 792 2989 uxoria
808 2949 873 3007 sue,
889 2928 973 3010 quod
990 2934 1120 2991 tenetur
1135 2948 1193 3011 per
1208 2929 1382 2990 servicium
1397 2935 1511 3011 quarte
1526 2927 1628 3009 partis
1644 2947 1698 2990 un.
1715 2925 1737 2990 f.
1754 2947 1797 2990 m.

516 3062 559 3127 ut
573 3062 711 3128 ulterius
725 3064 840 3128 dicunt
858 3072 925 3144 (etc.
941 3088 977 3129 os
993 3066 1121 3149 before).
1168 3065 1208 3127 In
1223 3065 1317 3149 cujus
1332 3065 1380 3127 rei
1395 3064 1626 3127 testimoninm
1641 3071 1705 3127 etc.

764 3454 1042 3544 [Waevnumouva
1063 3422 1108 3523 nn
1131 3456 1411 3526 CORYNGHAM
1434 3478 1474 3521 nn
1496 3452 1688 3543 wahan]

516 3645 691 3726 inquisicio
715 3651 811 3727 capta
833 3646 920 3728 apud
945 3647 1117 3729 Hospitale
1142 3667 1237 3729 snper
1253 3645 1397 3710 Stratam
1419 3646 1472 3709 die
1495 3646 1588 3708 Jovis
1602 3645 1747 3728 proximo
1762 3650 1834 3727 post
1850 3643 1971 3708 festum

475 3731 656 3815 Epiphania
672 3753 757 3795 anno
771 3735 864 3817 regni
880 3734 964 3816 regis
982 3735 1113 3797 Henrici
1139 3734 1380 3810 sextodecimo,
1408 3753 1515 3794 coram
1541 3731 1665 3794 Thoma
1690 3733 1813 3794 Santon
1840 3738 1908 3810 (etc.
1934 3757 1971 3797 as

474 3822 598 3903 before),
624 3833 720 3903 snper
746 3828 979 3883 sacramentum
999 3821 1154 3884 Willelmi
1165 3821 1318 3902 ‚viixley
1334 3821 1373 3883 de
1391 3820 1637 3904 Gaynesburgh,
1654 3818 1811 3882 Johannia
1826 3819 1970 3881 Hamson

473 3907 512 3969 de
550 3908 675 3985 eadem,
715 3907 838 3970 Thome
877 3905 1027 3970 Stokhitt
1057 3908 1097 3970 dc
1136 3907 1266 3991 Blyton,
1298 3907 1429 3970 Ricardi
1458 3908 1593 3971 Warton
1623 3907 1663 3968 de
1694 3905 1811 3989 Gylbe,
1837 3906 1970 3968 Roberti

475 3993 645 4056 Grenefeld
661 3995 699 4056 de
725 3993 883 4071 Stokhitt,
903 3995 1059 4056 Willelmi
1084 3996 1123 4058 de
1148 3994 1322 4077 Northorp,
1350 3995 1485 4058 lioberti
1509 3995 1604 4077 Cresy
1627 3995 1668 4057 de
1691 3992 1813 4070 Scoter,
1839 3993 1970 4055 Ricardi

474 4079 565 4143 Clerk
590 4082 629 4144 de
655 4084 800 4160 Scotton,
829 4080 960 4144 Ricardi
989 4082 1167 4165 Hardfyssh
1194 4083 1233 4144 de
1260 4082 1397 4165 Kessby,
1413 4081 1573 4145 Johannis
1591 4081 1709 4165 Brigge
1724 4082 1764 4144 de
1780 4081 1970 4164 Brampton,

474 4160 628 4232 willelmi
660 4168 879 4231 Humberston
911 4169 951 4231 de
984 4169 1181 4252 Braunceby,
1213 4168 1373 4232 Johannis
1402 4169 1543 4254 Wryght
1573 4170 1612 4230 de
1644 4169 1782 4246 Neuton,
1812 4167 1971 4231 Johannis

473 4254 588 4339 Smyth
606 4257 647 4319 de
664 4254 779 4334 Stovve,
796 4257 852 4338 qui
868 4256 983 4318 dicunt
998 4257 1084 4339 quod
1095 4283 1148 4322 :-

515 4470 684 4549 Katerina,
709 4459 823 4556 regina
848 4472 976 4554 Anglie,
1002 4472 1067 4534 suit
1095 4472 1206 4535 scisita
1232 4476 1294 4536 etc.
1310 4473 1350 4534 de
1377 4472 1520 4533 manerio
1542 4474 1577 4533 et
1600 4490 1672 4534 soca
1694 4469 1733 4533 de
1760 4471 1917 4536 Kvuuvorv
1937 4472 1972 4532 in

474 4557 652 4624 Lvunusnv
666 4578 741 4621 cnm
757 4559 978 4642 pertinenciis
996 4565 1030 4621 et
1043 4563 1196 4623 tenentur
1210 4580 1267 4643 per
1283 4559 1454 4622 servicium
1470 4557 1518 4642 iij.
1536 4559 1559 4622 f.
1576 4579 1620 4621 m.

515 4694 676 4757 Henrious
703 4695 806 4777 Percy
829 4693 958 4758 Dathell
992 4697 1060 4774 (sic)
1087 4695 1127 4758 de
1151 4693 1307 4779 Colthorp
1339 4695 1375 4757 in
1404 4695 1566 4757 comitatu
1596 4692 1745 4772 Eboraci,
1773 4693 1877 4774 miles,
1908 4696 1975 4759 fuit

471 4781 600 4844 seisitns
614 4786 676 4847 etc.
693 4781 733 4845 de
747 4783 892 4845 manerio
908 4783 948 4846 de
966 4783 1225 4862 Gavuusanuon,
1241 4788 1275 4846 et
1291 4787 1421 4846 tenetur
1436 4802 1494 4863 per
1510 4780 1681 4844 servicium
1696 4781 1733 4865 ij.
1749 4781 1772 4848 f.
1790 4803 1834 4846 m.

512 4916 677 4983 Johannes
692 4917 817 4982 Busshe
832 4919 872 4982 de
889 4919 1040 5002 Hogham
1059 4919 1093 4981 in
1109 4921 1270 4982 comitatu
1286 4919 1464 4997 Lincolnie,
1481 4918 1587 4998 miles,
1603 4918 1668 4982 fuit
1682 4919 1812 4982 scisitus
1840 4923 1903 4987 etc.
1931 4922 1971 4986 de

470 5009 615 5071 manerio
630 5007 672 5070 de
689 5008 847 5084 Soovvou,
866 5013 900 5070 et
915 5012 1047 5070 tenetur
1063 5027 1121 5090 per
1136 5009 1310 5070 servicium
1325 5006 1361 5091 ij.
1378 5007 1401 5071 f.
1418 5027 1463 5071 m.

513 5135 670 5199 Ricardus
695 5135 833 5199 Delaber
858 5137 897 5199 dc
912 5137 1037 5198 Axston
1058 5135 1093 5197 iu
1109 5136 1269 5199 comitatu
1284 5133 1490 5212 Herdiordie‚
1505 5133 1613 5211 miles,
1627 5135 1691 5198 fuit
1709 5137 1841 5199 seisitus
1854 5143 1917 5201 etc.
1932 5138 1973 5201 de

470 5226 615 5373 rlpnanprip1
629 5224 668 5288 de
685 5223 823 5290 Tnouas
838 5242 897 5305 per
910 5223 1058 5286 ieoffatos
1073 5219 1279 5309 Lo[do]vvici
1304 5222 1476 5300 Cornvale,
1502 5228 1535 5285 et
1561 5226 1694 5285 tenetur
1718 5243 1776 5306 per
1800 5226 1972 5288 servicium

514 5447 692 5512 Nicholaus
708 5448 841 5511 Dalison
856 5448 897 5511 de
913 5445 1064 5531 Laghton
1078 5449 1115 5511 in
1129 5447 1289 5510 comitatu
1303 5447 1483 5526 Lincolnie,
1498 5447 1647 5530 armiger,
1662 5445 1728 5509 fuit
1751 5445 1885 5510 seisitus
1906 5452 1969 5518 eto.

470 5535 508 5598 de
523 5537 668 5599 manerio
684 5535 725 5598 de
742 5535 913 5613 Laouvorv,
930 5541 963 5598 et
981 5541 1110 5598 tenetur
1124 5555 1183 5618 per
1198 5537 1371 5598 servicium
1387 5533 1432 5600 di.
1449 5535 1473 5598 f.
1491 5556 1535 5599 m.

513 5673 651 5737 Thomas
680 5671 830 5736 Stokhitt
854 5673 893 5735 de
918 5671 1038 5756 Blyton
1053 5675 1088 5735 in
1104 5673 1264 5736 comitatu
1279 5671 1459 5750 Lincolnie,
1474 5673 1667 5755 gentilman,
1682 5672 1749 5734 fuit
1762 5672 1892 5734 seiaitus
1907 5679 1970 5738 etc.

470 5760 659 5840 dediversis
674 5761 771 5823 terris
785 5761 819 5821 in
837 5759 981 5838 anuorv,
998 5781 1061 5843 que
1076 5764 1230 5823 tenentur
1245 5780 1304 5842 per
1319 5760 1491 5822 servicium
1507 5780 1563 5826 un.
1580 5759 1603 5823 f.
1619 5779 1664 5822 m.

513 5893 612 5978 Hugo
636 5938 1032 5959 ........
1056 5893 1096 5955 de
1123 5892 1264 5977 Wittley
1287 5895 1322 5956 in
1346 5891 1507 5956 comitatu
1534 5891 1740 5970 Worcestrie,
1770 5891 1877 5970 miles,
1908 5893 1974 5960 fuit

470 5982 598 6048 saisitus
613 5985 675 6048 etc.
692 5981 732 6045 de
747 5981 891 6048 manerio
907 5980 947 6043 de
964 5979 1046 6057 Lau,
1062 5985 1096 6042 et
1112 5984 1245 6043 tenetur
1259 6002 1317 6067 per
1333 5981 1506 6044 servicium
1522 5999 1578 6042 nn.
1595 5977 1618 6040 f.
1634 5999 1677 6048 m,
