5000 7050
1143 1107 1227 1173 al).
1253 1109 1348 1174 1428.

532 1383 725 1470 Radulphus
739 1389 870 1476 Massag
884 1397 976 1458 tenet
989 1396 1026 1460 in
1042 1395 1235 1466 Tamsara
1249 1399 1427 1464 inmediate
1440 1403 1575 1466 terciam
1590 1408 1716 1487 partem
1732 1403 1754 1469 f.
1771 1423 1816 1468 m.

533 1528 624 1592 Idem
640 1514 832 1618 Radulphus
845 1539 937 1599 tenet
951 1537 1128 1602 inmediate
1141 1541 1276 1604 terciam
1291 1545 1417 1624 partem
1432 1541 1454 1603 f.
1471 1562 1515 1606 m.

532 1669 626 1732 Idem
640 1669 832 1754 Radulphus
847 1680 935 1738 tenet
949 1677 984 1738 in
999 1676 1113 1740 eadem
1126 1678 1207 1741 duas
1221 1684 1332 1761 partes
1346 1679 1370 1743 f.
1387 1699 1432 1744 m.

532 1805 625 1868 Idem
639 1806 831 1892 Radulpbue
844 1815 938 1874 tenet
952 1811 986 1874 in
1002 1811 1248 1879 Baunssrrroar
1263 1814 1441 1877 inmediate
1457 1813 1502 1878 di.
1519 1813 1542 1878 f.
1559 1835 1604 1879 m.

530 1942 551 2006 J
553 1940 694 2007 ohannes
707 1945 798 2028 Payn
815 1954 905 2010 tenet
920 1947 956 2009 in
971 1947 1166 2015 Tarnacsrrr
1180 1950 1359 2014 inmediats
1375 1952 1513 2014 terciam
1528 1956 1657 2034 partem
1671 1952 1695 2016 f.
1713 1973 1758 2016 m.

486 2165 504 2229 f
530 2081 621 2145 Prior
635 2082 676 2147 de
692 2081 884 2167 Hempthou
899 2092 993 2150 tenet
1007 2087 1043 2150 in
1058 2085 1250 2157 Humor
1266 2096 1301 2152 et
1316 2087 1445 2156 'Porrus
1459 2089 1639 2153 inmediate
1655 2109 1757 2154 unum
1786 2085 1989 2170 quarterium

502 2215 510 2231 .
528 2190 573 2234 m.

530 2306 696 2373 lohannes
711 2309 780 2374 For
794 2310 887 2375 tenet
903 2312 939 2376 in
953 2312 1121 2380 Bariana
1135 2314 1315 2378 inmediate
1330 2333 1432 2378 unum
1449 2316 1652 2400 quarterium
1666 2315 1689 2379 f.
1705 2336 1750 2382 m.

532 2443 678 2508 Heredes
703 2444 869 2508 Edmundi
891 2443 999 2526 Thorp
1022 2451 1137 2507 tenent
1161 2445 1196 2506 in
1223 2443 1379 2512 (lemn
1403 2445 1585 2510 inmediats
1606 2447 1635 2531 j.
1651 2449 1673 2512 t.
1698 2469 1745 2515 m.
1770 2447 1810 2511 de
1837 2449 1987 2532 episcopo
2013 2501 2015 2506 .

489 2531 696 2610 Norwicansi‚
713 2529 798 2614 quod
813 2552 917 2615 nuper
930 2532 995 2594 fuit
1011 2529 1147 2596 Ricardi
1161 2532 1223 2594 filii
1240 2531 1370 2594 Ricardi
1385 2533 1427 2596 de
1444 2533 1475 2596 la
1490 2533 1620 2600 Rokele.

532 2670 719 2734 Lodowicus
735 2669 913 2733 Rohemard
927 2675 1018 2733 tenet
1033 2672 1069 2732 in
1085 2668 1254 2736 Bucam
1269 2669 1446 2732 inmediate
1462 2691 1564 2734 unum
1580 2673 1782 2756 quarterium
1795 2670 1820 2736 f.
1836 2693 1882 2737 m.

531 2807 697 2872 Johannes
713 2807 796 2892 Buly
812 2813 903 2872 tenet
917 2813 1107 2872 tenementa
1121 2827 1180 2872 sna
1193 2809 1230 2871 in
1245 2809 1355 2874 Parva
1372 2807 1573 2875 Sucaarrrco
1589 2831 1646 2892 per
1662 2811 1834 2874 servicium
1858 2810 1990 2874 dimidii

490 2898 645 2979 quarterii
659 2897 682 2962 f.
698 2917 744 2962 m.
761 2896 801 2959 de
816 2898 959 2958 manerio
974 2895 1014 2957 de
1029 2894 1186 2979 Ryhurgh
1202 2895 1334 2979 Magna.

534 3033 696 3096 Waltcrus
722 3032 760 3095 de
787 3032 938 3095 Wallrote
960 3041 1053 3094 tenet
1085 3038 1275 3096 tenemento
1303 3051 1362 3094 sua
1390 3032 1425 3094 in
1457 3034 1570 3098 eadem
1601 3055 1656 3117 per
1686 3035 1860 3097 servicium
1893 3037 1991 3098 unius

490 3123 647 3204 quarterii
662 3118 686 3184 f.
702 3141 748 3186 m.
764 3120 805 3183 de
820 3120 909 3183 dicto
924 3120 1078 3184 manerio.
1172 3166 1188 3185 .-

493 3323 515 3344 ο,
534 3258 693 3321 Tenentes
722 3264 882 3320 terrarum
912 3256 1066 3321 Willelmi
1098 3258 1228 3341 Aungre
1259 3263 1374 3320 tenent
1404 3259 1438 3321 iu
1469 3259 1637 3326 Baranam
1667 3258 1849 3322 inmediate
1886 3279 1989 3323 unum

492 3347 693 3430 quarterium
708 3345 732 3410 f.
749 3366 795 3411 m.
811 3345 851 3408 de
866 3343 992 3430 aegero
1006 3344 1075 3407 filio
1091 3343 1231 3409 Osherti.

531 3481 671 3547 Thomas
686 3481 724 3546 de
740 3479 946 3546 Branloestre
960 3483 1030 3560 (ric)
1042 3485 1132 3545 tenet
1146 3481 1181 3544 in
1191 3479 1373 3548 Duranius
1388 3481 1565 3547 inmediate
1581 3502 1684 3547 unum
1694 3484 1894 3569 quarterium
1908 3485 1932 3551 f.
1942 3506 1988 3552 m.

532 3620 624 3684 Prior
638 3621 679 3685 de
695 3617 870 3684 cokesford
885 3624 977 3682 unet
991 3620 1026 3682 in
1041 3617 1112 3684 Esr
1127 3618 1286 3697 Reunia,
1313 3620 1529 3687 Srcnsranus
1555 3626 1590 3683 et
1616 3621 1782 3687 Brasaca
1807 3622 1989 3687 inmediate

490 3709 537 3774 di.
553 3710 576 3774 i.
591 3730 638 3776 m.
653 3707 694 3771 ds
710 3706 882 3771 heredibus
895 3704 1054 3769 Willelrni
1069 3708 1142 3789 Say.

490 3848 628 3999 coikbiqr
642 3844 769 3996 dSarrote
795 3841 888 3906 Fidis
910 3848 1001 3907 tenet
1024 3844 1060 3906 in
1090 3842 1160 3910 Esr
1189 3843 1337 3911 Ruuuarr
1363 3844 1540 3908 inmediate
1561 3843 1589 3927 j.
1619 3842 1642 3909 f.
1669 3864 1714 3910 m.
1743 3844 1783 3909 de
1811 3847 1916 3929 priore
1947 3847 1987 3909 de

558 3955 593 3999 es
606 3955 641 3997 or
666 3982 675 3998 .

534 4073 626 4136 Prior
640 4071 680 4134 de
695 4068 892 4133 Gastilhaore
906 4073 996 4131 tenet
1010 4068 1045 4130 in
1060 4065 1163 4136 Wasr
1177 4066 1325 4134 Beonan
1341 4074 1375 4131 et
1389 4068 1589 4135 Bacraoarn
1604 4068 1781 4133 inmediate
1795 4071 1840 4135 di.
1857 4070 1880 4137 i.
1898 4092 1943 4137 m.

490 4301 504 4361 f
534 4211 628 4274 Idem
644 4209 729 4291 prior
745 4213 835 4270 tenet
851 4208 885 4270 in
901 4206 1090 4273 Bassum
1105 4204 1145 4267 de
1171 4211 1255 4269 terra
1281 4204 1432 4269 Elreredi
1457 4204 1637 4271 inmediate
1663 4226 1765 4271 unum
1790 4210 1988 4293 quarterium

504 4320 573 4365 .m.

534 4436 627 4499 Idem
642 4439 732 4497 tenet
746 4430 930 4495 manerium
944 4432 979 4493 in
997 4428 1192 4497 amarum
1207 4427 1313 4495 Wrrra
1328 4429 1508 4493 inmediate
1523 4432 1660 4496 terciam
1674 4438 1800 4515 partem
1814 4431 1838 4499 f.
1855 4455 1901 4501 m.

535 4577 659 4641 Dicunt
672 4573 775 4638 eciam
785 4570 946 4654 juratores
960 4567 1098 4651 predicti
1113 4567 1199 4652 quod
1214 4565 1304 4630 nulle
1320 4572 1396 4630 sunt
1411 4566 1475 4629 alie
1491 4586 1625 4650 persons
1641 4569 1708 4632 sive
1734 4575 1884 4635 tenentes
1905 4572 1990 4635 infra

491 4662 697 4729 hundredum
722 4659 904 4743 predictum
930 4658 1042 4719 scisite
1063 4656 1100 4718 iu
1122 4655 1288 4718 dominico
1303 4674 1360 4717 suo
1374 4655 1555 4717 inmediate
1570 4661 1608 4717 ut
1623 4655 1664 4719 de
1677 4655 1779 4720 libero
1792 4666 1990 4737 tenemento,

491 4753 577 4817 unde
590 4751 697 4815 iidem
714 4764 850 4831 persone
864 4745 932 4807 sire
945 4748 1099 4806 tenentes
1115 4742 1351 4826 posscssionate
1367 4744 1525 4817 existunt,
1540 4744 1597 4825 qui
1612 4754 1725 4807 teuent
1742 4764 1801 4828 per
1822 4746 1988 4831 integrum

490 4840 620 4904 feodum
636 4836 765 4911 militis,
779 4831 1004 4909 medietatem,
1018 4830 1155 4893 terciam
1170 4828 1221 4893 vel
1237 4834 1388 4913 quartam
1402 4836 1528 4913 partem
1543 4828 1631 4893 feodi
1644 4830 1770 4894 militis.

533 4977 573 5039 In
601 4974 695 5059 cujus
724 4974 772 5037 rei
801 4968 1030 5035 testimonium
1061 4966 1223 5050 juratores
1260 4965 1398 5051 predicti
1436 4963 1513 5031 huic
1551 4968 1760 5051 inquisicioui
1799 4970 1907 5055 sigilla
1932 4992 1989 5035 sua

488 5068 717 5148 apposuerunt.
762 5058 885 5121 Datum
898 5055 963 5135 die,
977 5054 1047 5118 loco
1062 5062 1096 5118 et
1110 5073 1197 5117 anno
1211 5053 1414 5137 supradictis.

964 5436 1186 5505 Hcrrnuscusr
1209 5456 1253 5501 oa
1277 5431 1516 5503 GALEHOW.

534 5604 711 5688 Inquisicio
735 5608 832 5684 capta
855 5601 942 5684 apud
969 5598 1077 5663 Sorrth
1105 5598 1208 5682 Creylr
1231 5598 1285 5660 die
1299 5597 1435 5661 Veneris
1460 5596 1606 5679 proximo
1632 5597 1851 5660 antefactum
1875 5595 1987 5660 Sancti

489 5692 638 5757 Barnabe
652 5690 790 5773 apostoli
814 5707 899 5752 anno
922 5689 1014 5770 regni
1039 5689 1125 5772 regis
1152 5686 1289 5749 Henrici
1316 5686 1401 5749 sexti
1427 5690 1499 5766 post
1524 5688 1737 5769 conquestum
1762 5689 1853 5747 sexto
1879 5704 1986 5748 coram

488 5779 645 5846 Niobolao
661 5776 790 5855 castell,
805 5774 949 5839 Henrico
967 5773 1113 5857 Walpool
1128 5782 1162 5838 et
1178 5774 1275 5837 sociis
1290 5773 1356 5835 suis
1371 5771 1594 5835 collectoribus
1607 5770 1747 5835 subsidii
1762 5771 1888 5834 domini
1901 5772 1986 5856 regis

488 5870 523 5931 in
539 5868 657 5931 ultimo
671 5866 886 5948 parliamento
901 5881 959 5925 suo
974 5862 1060 5945 apud
1075 5860 1398 5925 westmonasterium
1424 5860 1459 5921 in
1486 5858 1650 5941 quindena
1677 5856 1788 5920 Sancti
1816 5856 1987 5921 Michaelis

489 5955 606 6019 ultimo
634 5953 793 6037 preterita
820 5956 913 6015 teuto
941 5949 1086 6015 concessi
1115 5968 1172 6033 per
1201 5954 1438 6012 sacramentnm
1468 5944 1628 6009 Willelmi
1664 5944 1789 6025 Fuller,
1827 5942 1987 6008 lobannis

551 6091 632 6144 19462
1870 6080 1886 6134 2
1899 6080 1921 6133 0
