5000 7050
1067 1081 1147 1148 M).
1171 1084 1265 1148 1431.
1430 1064 1432 1069 ¹
1869 1083 1910 1153 67

448 1363 547 1449 Item,
563 1365 716 1433 Thomas
730 1369 818 1456 llys,
832 1370 874 1433 de
888 1328 1089 1455 Kenyngton
1102 1372 1136 1435 in
1154 1373 1268 1437 eodem
1283 1374 1454 1453 comitatu,
1469 1375 1618 1461 armiger,
1633 1393 1690 1458 per
1713 1373 1909 1457 Mnrgsricm

407 1451 506 1539 Berry
533 1455 604 1519 fnit
631 1457 764 1521 scisitue
786 1458 905 1527 etede
930 1460 1026 1524 certis
1051 1460 1144 1524 terris
1167 1481 1242 1524 cum
1269 1462 1336 1525 suis
1358 1464 1568 1545 pertinenciis
1590 1462 1675 1547 spud
1692 1462 1847 1527 Possem
1873 1460 1908 1523 in

406 1541 520 1605 eodem
536 1541 724 1624 hundredo,
741 1547 840 1609 tentis
855 1565 914 1629 per
926 1547 1097 1613 servicium
1112 1548 1212 1611 tercie
1227 1550 1328 1632 pertis
1343 1548 1388 1614 di.
1403 1548 1427 1613 f.
1443 1570 1488 1615 m.
1504 1550 1638 1635 integri.

449 1705 537 1767 Item
568 1706 687 1770 dicunt
715 1709 810 1790 quod,
840 1710 946 1791 quoad
975 1709 1032 1772 illa
1068 1710 1307 1796 qninquaginta
1343 1711 1436 1775 feoda
1473 1712 1631 1787 militum,
1661 1730 1719 1775 eeu
1754 1706 1908 1794 percellas

405 1792 576 1856 feodorum
592 1794 739 1858 militum
754 1796 969 1879 integrorum,
984 1797 1024 1860 de
1039 1798 1157 1881 quibus
1169 1818 1309 1882 expense
1323 1799 1469 1863 militum
1487 1803 1554 1879 (etc.
1571 1822 1607 1863 ce
1623 1800 1748 1881 before).

449 1956 556 2035 Item,
570 1958 738 2041 predictus
753 1946 937 2023 Willelmue
951 1958 1029 2023 scot
1042 1961 1109 2025 fuit
1123 1962 1252 2025 scisitus
1277 1962 1395 2027 etc..de
1417 1964 1514 2026 certis
1536 1963 1631 2027 terris
1657 1968 1692 2025 et
1715 1960 1908 2025 tenementis

407 2044 441 2106 in
455 2044 575 2108 eodem
591 2043 771 2124 hundredo,
784 2048 888 2111 tentie
901 2048 936 2110 in
951 2046 1158 2131 gevilkende,
1173 2069 1236 2133 que
1251 2050 1356 2114 valent
1374 2054 1436 2115 etc.
1452 2050 1579 2135 viginta
1594 2052 1629 2115 lc'.

448 2208 552 2283 Item,
578 2207 755 2293 Mergeris,
783 2207 940 2289 Dionieie,
971 2214 1007 2273 et
1036 2209 1151 2289 silicia,
1178 2210 1245 2274 filie
1276 2214 1310 2274 et
1338 2210 1473 2275 heredes
1499 2212 1635 2275 Henrici
1659 2212 1700 2275 de
1724 2210 1907 2295 Bonynton,

407 2294 539 2360 fuerunt
571 2297 679 2359 seieiti
706 2296 747 2359 de
776 2297 872 2359 certis
901 2298 994 2359 terris
1024 2300 1059 2360 et
1088 2299 1287 2361 tenementis
1317 2299 1353 2362 in
1383 2300 1496 2363 ecdem
1527 2299 1705 2378 hundredo,
1733 2300 1835 2361 tentis
1857 2294 1908 2383 [in

405 2381 641 2471 gevilkeane,
656 2403 719 2467 que
734 2384 846 2446 velent
860 2389 924 2448 etc.
941 2384 1158 2469 quadraginta
1173 2385 1299 2451 solidos.

447 2472 493 2535 Et
507 2469 635 2535 hebent
649 2470 728 2534 alibi
741 2475 777 2533 in
792 2472 952 2535 comitatu
966 2470 1102 2551 Kencie,
1118 2479 1152 2536 et
1166 2472 1207 2535 de
1223 2474 1330 2537 valore
1345 2474 1507 2559 ignorent.

446 2631 547 2710 Item,
573 2630 723 2695 Iohanne
744 2628 827 2717 [filie
851 2629 901 2717 et]
921 2632 1013 2696 heres
1038 2632 1190 2716 Symonie
1213 2634 1253 2698 de
1279 2632 1521 2722 Aldyng[tcn],
1550 2636 1616 2699 fuit
1639 2636 1751 2699 seisitc
1776 2605 1838 2699 etc.
1866 2634 1907 2697 de

404 2721 499 2783 certis
513 2719 613 2783 terris
628 2725 660 2782 et
675 2720 873 2783 tenementis
887 2721 923 2782 in
937 2720 1052 2784 eodem
1067 2720 1246 2799 hundredo,
1260 2725 1362 2787 tentis
1378 2725 1412 2793 in
1427 2723 1631 2808 gevilkende‚
1646 2743 1709 2807 qne
1721 2724 1831 2788 velent
1843 2728 1906 2787 etc.

406 2854 416 2873 ·
447 2856 493 2958 fet
506 2892 612 2958 hebet
624 2893 705 2957 stibi
718 2895 754 2957 in
769 2894 883 2957 eodem
899 2895 1069 2973 comitatu,
1086 2896 1177 2961 etde
1191 2895 1296 2961 velere
1310 2898 1473 2981 ignorant.

448 3057 552 3135 Item,
576 3055 752 3121 Nicholeus
777 3054 953 3140 Cempyon,
977 3056 1017 3120 de
1042 3057 1194 3141 Lymene,
1220 3078 1351 3142 yoman,
1378 3059 1444 3122 suit
1472 3059 1601 3123 seisitus
1638 3064 1701 3124 etc.
1733 3060 1775 3121 de
1810 3059 1908 3122 certis

404 3146 498 3209 terris
512 3150 550 3208 et
564 3144 761 3209 tenementis
775 3144 811 3206 in
836 3144 951 3207 eodem
975 3144 1156 3223 hundredo,
1181 3147 1216 3208 in
1236 3144 1439 3230 gavilkende,
1464 3167 1525 3231 que
1549 3146 1657 3210 valent
1680 3156 1742 3211 etc.
1768 3150 1907 3229 quatuor

404 3232 524 3297 solidos
539 3237 575 3296 et
589 3237 730 3314 quatuor
740 3230 902 3296 denarios.
1636 3258 1639 3266 ·

448 3320 494 3384 Et
509 3318 612 3384 hebet
625 3318 704 3382 alibi
718 3318 755 3381 in
769 3316 884 3381 eodem
906 3315 1111 3407 [comitetn],
1127 3323 1163 3383 et
1177 3321 1217 3384 de
1232 3321 1339 3384 velore
1353 3321 1515 3405 ignorent.

450 3532 1410 3556 ..................
1434 3484 1500 3550 fuit
1514 3486 1646 3550 eeisitue
1660 3490 1722 3551 etc.
1739 3484 1774 3548 in
1791 3485 1904 3550 eodem

403 3574 574 3639 hundredo
587 3573 628 3637 de
642 3573 741 3636 certis
755 3571 853 3635 terrie
867 3577 904 3636 et
919 3574 1117 3636 tenementis
1132 3575 1234 3638 tentis
1249 3574 1285 3637 in
1300 3572 1505 3657 gevilkende,
1520 3595 1583 3658 qne
1598 3575 1709 3638 valent
1727 3579 1791 3638 etc.
1842 3625 1850 3640 .
1898 3623 1905 3640 .

448 3663 496 3726 Et
510 3662 612 3725 hebet
625 3659 706 3724 alibi
719 3659 755 3722 in
769 3659 883 3723 eodem
901 3660 1074 3740 comitatu,
1090 3664 1125 3724 et
1139 3661 1180 3724 de
1195 3661 1304 3725 valore
1318 3665 1484 3758 ignorent.

449 3827 549 3902 Item,
565 3822 727 3887 Jchennee
741 3821 782 3885 de
796 3819 963 3900 Psschele,
980 3821 1020 3884 de
1034 3821 1153 3886 Smode
1171 3826 1255 3902 (etc),
1271 3824 1375 3904 miles,
1401 3823 1467 3887 fuit
1491 3825 1621 3888 eeisitus
1645 3827 1709 3888 etc.
1733 3822 1773 3887 de
1795 3819 1907 3908 [certis

405 3910 520 3998 terris]
541 3914 576 3974 In
590 3911 703 3974 ecdem
716 3907 896 3984 hundredo,
911 3929 967 3992 per
981 3911 1156 3974 servicium
1172 3911 1273 3974 tercie
1291 3911 1395 3994 partis
1410 3931 1467 3976 un.
1485 3911 1507 3976 f.
1525 3932 1568 3976 m.
1585 3913 1717 3995 integri.

450 4076 549 4154 Item,
573 4073 730 4137 Ricardus
753 4068 937 4154 Clyderowe
959 4075 993 4134 et
1017 4070 1203 4135 Willelmns
1229 4069 1437 4156 Holynbroke
1460 4071 1500 4134 de
1523 4069 1679 4150 chene,
1702 4069 1905 4155 gentylmen,

405 4163 542 4229 fuerunt
568 4160 672 4224 scisiti
699 4164 763 4223 etc.
779 4158 821 4223 de
846 4159 944 4223 certis
958 4159 1054 4222 terrie
1068 4160 1101 4222 in
1118 4160 1232 4223 eodem
1248 4158 1427 4240 hundredo,
1444 4160 1546 4224 tentis
1561 4160 1597 4221 In
1622 4157 1826 4242 gevilkende,
1841 4176 1905 4241 que

407 4251 517 4316 velent
532 4254 595 4313 etc.
611 4251 744 4310 centnm
758 4245 887 4311 solidos.

450 4340 497 4403 Et
510 4335 609 4401 hebet
622 4334 702 4398 alibi
715 4335 750 4396 in
766 4334 880 4398 eodem
893 4335 1064 4414 comitatu,
1081 4333 1169 4398 etde
1185 4334 1292 4397 velere
1306 4335 1469 4418 ignorent.
1524 4413 1525 4416 Ἴ
1636 4338 1642 4347 “

450 4503 552 4582 Item,
567 4497 753 4562 Willelmns
768 4495 889 4581 Hylike
903 4502 936 4561 et
952 4497 1091 4561 Thomas
1116 4497 1238 4583 Hykke
1264 4498 1465 4582 conjunctim
1490 4497 1625 4560 fuerunt
1646 4451 1750 4558 scisiti
1775 4498 1837 4561 etc.
1864 4494 1905 4558 de

407 4592 507 4656 certis
520 4587 616 4652 terris
630 4586 733 4650 tentie
746 4585 782 4646 in
796 4583 1003 4668 gevilkende,
1017 4605 1080 4670 que
1095 4586 1206 4650 velent
1220 4590 1284 4651 etc.
1301 4590 1440 4669 quatuor
1454 4583 1564 4648 libres.

451 4678 498 4742 Et
510 4675 633 4740 hebent
646 4672 726 4736 stibi
741 4673 776 4735 in
791 4672 908 4736 eodem
922 4674 1092 4753 comitatu,
1108 4674 1200 4737 etde
1215 4673 1323 4737 velere
1338 4674 1500 4758 ignorent.

451 4840 550 4916 Item,
565 4835 707 4898 Thomse
722 4832 988 4915 Wynterbourne,
1002 4853 1131 4916 ycmsn,
1147 4835 1213 4898 fuit
1227 4836 1358 4898 seisitus
1373 4839 1437 4898 etc.
1453 4833 1495 4896 de
1520 4831 1617 4895 certis
1632 4833 1727 4894 terris
1742 4832 1777 4894 in
1794 4832 1906 4896 eodem

407 4925 575 4992 hundredo
589 4923 691 4986 tentis
705 4922 742 4984 in
755 4919 961 5004 gavilkende,
974 4941 1037 5005 que
1054 4922 1165 4986 velent
1179 4929 1242 4987 etc.
1261 4943 1314 4985 sex
1330 4920 1449 4985 eolides
1464 4927 1498 4984 et
1512 4925 1586 4983 octo
1599 4919 1758 4983 denarios.

454 5016 496 5077 Et
510 5011 610 5077 hebet
624 5009 704 5073 alibi
719 5009 755 5071 in
769 5008 881 5071 eodem
896 5009 1064 5088 comitatu,
1080 5015 1113 5072 et
1127 5009 1169 5073 de
1183 5010 1291 5072 valore
1306 5011 1470 5093 ignorent.

454 5178 551 5253 Item,
566 5172 753 5237 Willelmne
767 5169 952 5250 Geldwelie‚
966 5169 1006 5233 de
1021 5171 1204 5256 Gotynton,
1218 5172 1421 5257 gentylmen,
1436 5170 1501 5234 fuit
1516 5171 1648 5234 scisitus
1662 5176 1725 5233 etc.
1750 5167 1792 5232 de
1807 5171 1906 5233 certis

408 5268 498 5331 terris
513 5262 616 5328 tentis
631 5262 666 5323 in
680 5255 889 5343 gevilkende,
903 5277 965 5340 que
980 5258 1089 5323 velent
1104 5265 1168 5325 etc.
1185 5261 1305 5344 vigicti
1320 5263 1356 5323 et
1371 5279 1423 5322 sex
1440 5258 1557 5321 solidos
1571 5265 1606 5322 et
1620 5264 1693 5320 octo
1707 5257 1866 5321 denarios.

453 5353 495 5416 Et
509 5351 605 5416 hebet
621 5345 703 5411 alibi
718 5347 755 5408 in
770 5343 885 5408 eodem
902 5345 1070 5426 comitatu,
1087 5353 1137 5411 set
1151 5348 1192 5410 de
1206 5347 1313 5410 valore
1330 5348 1491 5431 ignorant.

411 5563 535 5667 st...
550 5554 749 5686 ...teet
764 5514 1539 5679 t...mecm......tztttttfft
1645 5505 1829 5570 ΝΜ
1853 5505 1906 5568 ‘¹¹⁰

449 5769 487 5833 In
501 5785 638 5853 quornm
651 5760 890 5847 premissomm
905 5759 1141 5840 testimoninm,
1157 5766 1220 5826 etc.
