5000 7050
529 1068 593 1136 578
1171 1064 1392 1134 NOBFOLK.

534 1355 673 1439 Muryel,
698 1354 856 1419 Willelmi
882 1353 1024 1440 Clyston,
1051 1354 1209 1419 Willelmi
1236 1354 1322 1436 Bulr,
1347 1355 1469 1419 Thome
1501 1352 1633 1431 Clubbe,
1667 1403 1675 1420 .
1723 1404 1732 1420 .
1779 1404 1787 1420 .
1836 1405 1878 1432 .‚
1914 1354 2039 1418 Thome

534 1441 664 1521 Sutton,
702 1443 825 1507 Thome
862 1443 924 1507 F,
971 1493 980 1508 .
1027 1493 1035 1507 .
1084 1491 1091 1506 .
1117 1488 1127 1519 ‚
1160 1443 1312 1530 Hugonis
1349 1443 1388 1505 de
1424 1442 1534 1515 Stone,
1572 1442 1693 1506 Thome
1741 1442 1837 1522 Hole‚
1877 1442 2039 1508 Johannia

535 1529 679 1608 Growth,
704 1531 825 1592 'l'home
848 1530 948 1608 liare,
971 1532 1029 1614 qui
1052 1529 1167 1594 dicunt
1196 1532 1252 1616 qui
1283 1531 1399 1594 dicunt
1430 1549 1525 1613 super
1556 1537 1795 1593 sacramentum
1826 1551 1920 1594 auum
1951 1532 2039 1615 quod

534 1637 646 1680 omnea
682 1637 818 1701 persone
854 1619 889 1680 in
926 1619 990 1680 ista
1025 1618 1243 1701 inquisicione
1280 1619 1449 1681 nominate
1487 1622 1566 1680 runt
1595 1619 1704 1680 scisite
1737 1625 1773 1681 et
1802 1619 2039 1702 possessionate

534 1711 694 1767 eteorum
710 1705 857 1790 quelibet
870 1711 920 1768 eat
935 1705 1047 1768 seiaita
1060 1716 1094 1767 et
1110 1708 1344 1788 possessionata
1358 1704 1399 1767 de
1423 1707 1517 1768 terrie
1539 1710 1573 1767 et
1595 1706 1795 1768 tenementis
1816 1707 1851 1768 in
1874 1706 2040 1768 dominico

534 1812 592 1854 auo
607 1799 645 1853 ut
659 1792 699 1855 de
713 1791 816 1854 libero
829 1799 1017 1856 tenemento
1032 1812 1090 1856 auo
1105 1798 1139 1855 et
1153 1797 1268 1855 tenent
1284 1812 1342 1856 eeu
1356 1796 1448 1855 tenet
1468 1791 1563 1855 modo
1589 1798 1624 1854 et
1647 1792 1749 1855 forma
1775 1794 1832 1876 qui
1856 1799 2042 1876 sequuntur

534 1879 688 1942 videlicet
702 1880 788 1963 quod
797 1905 849 1944 r·-

578 2045 739 2128 Maginter
761 2045 888 2131 collegii
913 2045 955 2109 de
977 2044 1186 2109 Pontefracto
1211 2050 1305 2108 tenet
1331 2047 1366 2107 in
1394 2045 1565 2110 Bnuunnu
1595 2044 1777 2107 inmediate
1804 2044 1853 2128 iij.
1879 2044 1901 2110 f.
1927 2065 1972 2109 m.
2000 2045 2042 2108 de

533 2132 831 2284 gqrppprqoffioberto
859 2131 1045 2221 [Tateshale
1069 2134 1109 2196 de
1138 2130 1248 2218 feodo]
1281 2131 1469 2210 Arundelie‚
1502 2130 1588 2216 qnod
1619 2151 1724 2214 nuper
1753 2131 1818 2194 tuit
1848 2130 1971 2194 Thome
2001 2133 2043 2196 de

578 2331 766 2396 Lodowicue
789 2332 971 2397 Robeesard
999 2339 1092 2396 tenet
1121 2334 1157 2395 in
1187 2333 1358 2398 Bnuunnrr
1390 2332 1519 2398 Sunnon
1556 2329 1753 2418 [inmediate
1783 2330 1828 2394 di.
1854 2331 1877 2394 f.
1903 2352 1948 2394 m.
1979 2327 2035 2416 de]

532 2416 705 2484 heredibus
719 2419 856 2484 Walteri
871 2422 912 2484 de
928 2420 1097 2498 Grancort,
1114 2420 1201 2506 quod
1215 2441 1320 2504 nuper
1334 2419 1399 2483 fuit
1415 2420 1542 2482 domini
1558 2416 1723 2502 Rudulphi
1738 2417 1777 2481 de
1793 2417 1987 2500 Hempnale.

578 2556 670 2620 Prior
697 2556 737 2620 de
766 2557 998 2642 Waleyngham
1029 2565 1062 2620 et
1092 2555 1230 2641 Egidiua
1267 2554 1453 2644 [Thorndon
1485 2560 1601 2619 tenent
1632 2556 1666 2617 in
1697 2552 1828 2641 eadem]
1864 2555 2047 2619 inmediate

533 2643 580 2710 di.
595 2645 619 2710 f.
636 2666 681 2709 m.
697 2645 739 2708 de
753 2645 846 2709 feodo
861 2645 1059 2723 Arundellie‚
1076 2645 1162 2729 quod
1177 2664 1281 2727 nuper
1296 2644 1362 2708 luit
1376 2644 1500 2707 domini
1517 2642 1650 2706 Ricardi
1665 2643 1705 2704 de
1723 2641 1965 2727 Walsyngham.

577 2780 671 2844 Prior
685 2780 725 2844 de
741 2780 974 2865 Walayngham
996 2779 1045 2868 [et
1059 2780 1224 2844 Johannea
1239 2778 1377 2866 Tylney]
1399 2785 1516 2843 tenent
1531 2781 1566 2842 in
1587 2779 1708 2844 Noenu
1725 2779 1838 2845 Caura
1863 2780 2045 2842 inmediate

535 2868 720 3041 ippgiffiqet
736 2868 780 2934 di.
797 2869 838 2932 de
853 2871 973 2932 comite
988 2867 1179 2931 Mareacallo
1194 2869 1323 2951 Anglie,
1345 2868 1431 2953 quod
1456 2887 1561 2950 nuper
1587 2866 1650 2930 fuit
1677 2866 1803 2929 domini
1831 2866 1951 2951 Rogeri
1978 2866 2042 2930 filii

585 3090 766 3178 [Johannea
780 3091 936 3179 Bewpho]
951 3099 1045 3156 tenet
1059 3096 1095 3157 in
1112 3093 1205 3160 Sown
1222 3092 1336 3161 Gnnrn
1350 3092 1529 3157 inmediate
1544 3090 1591 3157 di.
1603 3092 1627 3157 f.
1638 3112 1683 3156 m.
1696 3091 1736 3153 de
1751 3090 1882 3154 domino
1897 3111 1972 3173 rege
1986 3092 2041 3157 i.c.

534 3180 621 3263 qnod
635 3200 738 3263 nuper
751 3179 816 3243 fuit
831 3181 986 3245 heredum
1002 3181 1043 3245 de
1057 3180 1150 3245 Bello
1164 3180 1265 3266 Fago

579 3312 736 3376 Ricardua
750 3313 790 3376 de
811 3311 1033 3400 [Watcrdene]
1053 3319 1146 3377 tenet
1160 3315 1198 3376 in
1213 3313 1428 3381 Wannnnnnn
1455 3314 1634 3379 inmediate
1660 3315 1705 3382 di.
1721 3316 1744 3380 i.
1762 3335 1808 3379 m.
1834 3315 1874 3380 de
1898 3315 2042 3400 Hugonc

535 3399 677 3478 Bardolf,
694 3402 780 3485 quod
795 3421 897 3484 nuper
911 3401 976 3465 fuir
990 3401 1115 3464 domini
1130 3401 1249 3486 Rogeri
1266 3401 1306 3463 de
1323 3401 1443 3465 Sancto
1459 3402 1613 3468 Mertino.

579 3539 737 3624 Magister
761 3540 891 3625 collegii
915 3540 956 3604 de
979 3540 1189 3605 Ponteiracto
1212 3546 1306 3604 tenet
1331 3542 1364 3603 in
1393 3541 1591 3607 Snunnnonn
1615 3548 1650 3604 et
1677 3542 1827 3607 Srnnunn
1857 3541 2039 3605 inmediate

535 3629 669 3690 terciam
682 3634 808 3711 partem
823 3628 845 3692 f.
861 3649 905 3694 m.
929 3628 968 3692 de
991 3628 1084 3693 feodo
1109 3629 1151 3691 de
1172 3625 1312 3715 [leuen]
1333 3629 1373 3691 de
1399 3628 1530 3691 domino
1553 3648 1627 3713 rege
1652 3628 1705 3693 i.c.
1730 3628 1817 3713 quod
1843 3649 1947 3712 nuper
1971 3629 2039 3693 fuit

535 3711 695 3777 iohannis
709 3715 749 3778 de
763 3713 950 3780 Warennia.

581 3852 724 3916 Heredes
749 3850 907 3915 Johannis
933 3852 1066 3938 (iurnay
1093 3858 1211 3917 tenent
1236 3854 1270 3915 in
1297 3854 1398 3919 Wasn
1424 3853 1585 3917 Bansnau
1612 3852 1792 3917 inmediate
1817 3852 1861 3917 di.
1878 3852 1902 3919 f.
1927 3875 1972 3917 m.
1999 3854 2041 3917 de

537 3940 655 4002 comite
672 3939 856 4019 Warennie,
872 3940 957 4025 quod
971 3960 1075 4025 nuper
1090 3941 1154 4003 fuit
1167 3939 1294 4003 domini
1309 3939 1466 4003 Willelmi
1482 3939 1616 4025 Wancy.

580 4074 765 4138 Willelmus
780 4076 895 4140 Hunte
918 4082 1012 4141 tenet
1026 4079 1062 4140 in
1084 4078 1154 4143 Esn
1169 4077 1329 4143 Bansuau
1344 4078 1521 4141 inmediate
1537 4078 1582 4141 di.
1598 4078 1620 4143 f.
1637 4099 1682 4143 m.
1699 4078 1739 4141 de
1757 4076 1935 4157 Beumond,
1952 4080 2039 4164 quod

537 4183 642 4246 nuper
655 4163 721 4226 fuit
734 4162 755 4225 J
757 4162 893 4228 ohannis
906 4166 948 4227 de
963 4163 1149 4242 Warennia,
1164 4166 1295 4228 comitis
1311 4164 1458 4248 Surrcye.

580 4300 742 4362 Henricua
757 4299 948 4379 Bacheiord‚
964 4302 1069 4376 miles,
1083 4308 1175 4365 tenet
1190 4303 1223 4364 in
1241 4301 1356 4365 eadem
1371 4301 1549 4366 inmediate
1564 4301 1611 4366 di.
1621 4301 1645 4367 f.
1656 4323 1700 4368 m.
1712 4302 1753 4367 de
1769 4302 1934 4365 Willelmo
1950 4302 2040 4383 Bole,

536 4387 621 4472 quod
637 4407 740 4469 nuper
754 4388 820 4451 fuit
836 4388 969 4452 Henrici
984 4388 1025 4452 de
1040 4388 1204 4453 Warbam.

580 4522 744 4587 Johannes
767 4523 859 4608 Lyne
884 4530 974 4590 tenet
998 4527 1032 4588 in
1056 4526 1170 4590 eadem
1192 4527 1373 4590 inmediate
1397 4546 1499 4589 unum
1515 4527 1716 4612 quarterium
1731 4527 1755 4593 f.
1772 4547 1818 4592 m.
1834 4526 1875 4591 de
1889 4525 1984 4591 feodo
1999 4529 2042 4593 de

537 4609 717 4695 Wirmgey,
731 4612 818 4696 quod
832 4632 937 4696 nuper
951 4614 1016 4677 tuit
1032 4614 1151 4699 Rogeri
1165 4613 1207 4677 de
1223 4612 1343 4677 Sancto
1358 4613 1513 4677 Martino.

582 4747 758 4812 Nicholaus
787 4754 858 4814 atte
888 4749 1015 4837 Chyrch
1045 4758 1079 4815 et
1108 4750 1294 4814 Willelmua
1323 4749 1470 4814 Lexlram
1499 4758 1614 4815 tenent
1650 4752 1685 4815 in
1724 4751 1841 4817 Noenu
1878 4752 2039 4818 Bansnau

537 4837 714 4900 inmediate
730 4838 774 4903 di.
789 4838 814 4903 i.
831 4859 875 4903 m.
891 4838 932 4902 de
948 4839 1044 4903 feodo
1059 4838 1279 4915 Blawmeetre‚
1295 4839 1381 4923 quod
1396 4858 1499 4921 nuper
1514 4838 1578 4902 fuit
1594 4838 1745 4903 Nicholai
1761 4838 1920 4903 Braunch.

583 4973 728 5038 Heredes
752 4972 911 5036 Johannia
937 4972 1071 5057 (iurnay
1095 4977 1211 5037 tenent
1238 4975 1274 5037 in
1306 4973 1419 5037 eadem
1450 4972 1630 5036 inmediate
1655 4974 1698 5037 di.
1722 4973 1746 5039 l.
1771 4995 1816 5040 m.
1842 4975 1883 5037 de
1907 4974 2042 5039 domino

540 5060 704 5124 Willelmo
718 5061 759 5123 de
774 5059 908 5146 Wancy,
925 5060 1012 5144 quod
1026 5081 1130 5144 nuper
1143 5059 1209 5124 fuir
1226 5060 1380 5124 Willelmi
1396 5060 1457 5123 filii
1472 5059 1632 5125 Nicholai.

582 5193 768 5259 willelmus
784 5196 970 5274 Holdhalle,
983 5198 1090 5276 milen,
1099 5203 1190 5262 tenet
1204 5200 1239 5260 in
1256 5198 1366 5263 Pnnvn
1381 5196 1545 5263 Rruuncn
1559 5195 1738 5259 inmediate
1750 5200 1897 5281 quartam
1913 5200 2041 5279 partem

539 5282 562 5346 f.
578 5304 624 5347 m.
640 5282 681 5345 de
694 5284 814 5346 comite
830 5283 1014 5359 Warennie,
1030 5285 1115 5369 quod
1130 5306 1235 5369 nuper
1250 5286 1313 5349 suit
1330 5284 1352 5348 J
1353 5282 1490 5347 ohannis
1504 5282 1635 5366 Pavoly.

581 5419 672 5481 Prior
686 5418 727 5481 de
743 5418 976 5504 Walsynglram
991 5424 1084 5485 tenet
1097 5422 1133 5485 in
1150 5420 1262 5485 eadem
1276 5420 1456 5484 inmediate
1472 5418 1552 5483 duaa
1567 5425 1675 5502 partes
1690 5420 1712 5484 l.
1728 5440 1775 5484 m.
1800 5419 1840 5483 de
1866 5416 2039 5486 heredibus

537 5506 569 5571 lc
583 5506 707 5588 Comyn
721 5505 762 5569 de
775 5505 905 5570 baronia
922 5509 962 5572 de
977 5508 1152 5592 Valonyea‚
1167 5508 1253 5594 quod
1267 5528 1371 5592 nuper
1384 5507 1449 5570 fuit
1464 5507 1606 5571 Simonis
1620 5507 1662 5569 de
1677 5506 1883 5570 Ratlaedene.

583 5642 740 5706 Ricardua
767 5643 946 5724 Carbonell,
967 5647 1071 5727 milen,
1098 5652 1192 5711 tenet
1216 5648 1252 5709 in
1276 5646 1473 5711 Pnusrnoar
1498 5644 1680 5708 inmediate
1702 5644 1727 5730 j.
1744 5643 1767 5709 f.
1784 5666 1829 5709 m.
1855 5644 1896 5707 de
1920 5647 2040 5709 comite

540 5730 754 5811 Glouceetrie,
768 5732 854 5817 quod
869 5751 972 5818 nuper
986 5734 1051 5798 luit
1064 5734 1196 5799 Ricardi
1211 5734 1274 5799 filii
1289 5732 1442 5798 Simonir.

585 5864 746 5929 Henrioua
767 5864 948 5954 [lng]loee‚
961 5870 1066 5952 miles,
1080 5875 1173 5935 tenet
1187 5872 1222 5934 in
1240 5870 1358 5938 Souna
1383 5866 1495 5935 Cannu
1509 5865 1687 5931 inmediate
1711 5885 1814 5928 unum
1835 5867 2037 5949 quarterium

542 5954 565 6022 i.
581 5974 627 6020 m.
642 5949 684 6013 de
700 5951 834 6021 domino
849 5956 994 6022 Waltero
1008 5958 1048 6024 de
1063 5955 1229 6046 liesthorp,
1243 5958 1330 6047 quod
1345 5975 1448 6041 nuper
1463 5955 1528 6019 fuit
1541 5952 1699 6019 Johannie
1713 5952 1754 6017 de
1770 5951 1932 6020 Cokefeld.
