5000 7050
1130 1057 1216 1124 Μ).
1243 1057 1339 1124 1346.
1916 1046 1980 1112 201

516 1344 609 1409 Prior
637 1347 819 1432 Hospitalis
847 1347 960 1413 Sancti
988 1348 1148 1414 Johannis
1175 1353 1264 1412 tenet
1288 1347 1359 1433 viij.
1383 1349 1511 1431 perlem
1534 1362 1591 1406 nn.
1616 1341 1640 1407 f.
1664 1340 1702 1402 in
1726 1337 1852 1413 eadem,
1876 1353 1977 1418 quam

473 1435 628 1517 magister
643 1435 765 1499 milicie
778 1435 907 1522 Templi
923 1437 1090 1520 quondam
1104 1437 1227 1503 tonuit.

500 1569 626 1720 rgibbtas
650 1571 692 1635 de
715 1571 898 1656 Kyrkesled
922 1578 1017 1639 tenet
1040 1573 1104 1659 iiij.
1128 1576 1257 1657 perlem
1282 1575 1317 1635 el
1342 1570 1388 1656 vj.
1413 1573 1540 1653 perlem
1565 1586 1621 1630 un.
1638 1565 1664 1629 f.
1691 1563 1727 1625 in
1749 1562 1862 1626 eadem
1889 1558 1977 1622 def.

477 1676 499 1738 p
555 1677 585 1720 ro
601 1679 632 1723 o.

518 1790 702 1856 Willelmus
732 1793 772 1858 de
802 1795 1035 1879 Bla'unkeneye
1072 1800 1107 1858 et
1137 1792 1316 1878 perornarii
1347 1793 1398 1854 sui
1428 1791 1544 1854 tonenl
1574 1787 1645 1873 viij.
1677 1789 1804 1869 perlem
1833 1781 1859 1869 j.
1889 1781 1915 1848 f.
1944 1781 1980 1842 in

476 1878 712 1959 Βιιιιικιιιιιιιι,
726 1901 826 1964 quam
841 1883 940 1968 Hugo
956 1882 1139 1968 Hoglombe
1154 1882 1277 1945 tenuit.

520 2015 612 2166 Pripr
626 2016 806 2169 Htospitplis
821 2017 917 2084 tenel'
930 2019 1000 2105 viij.
1016 2024 1143 2102 partem
1157 2019 1183 2103 j.
1198 2018 1222 2083 f.
1235 2019 1269 2082 in
1286 2015 1414 2094 eadem,
1424 2034 1524 2099 quam
1539 2012 1698 2097 magister
1713 2008 1837 2073 milicie
1851 2003 1980 2088 Templi

476 2123 564 2185 quon
588 2125 640 2166 am
672 2125 776 2169 enm.

480 2334 493 2390 t
521 2239 683 2390 Jolpannes
698 2243 885 2326 Deyncourl
900 2247 993 2307 lenel
1007 2264 1038 2309 ιι.
1053 2247 1180 2327 partem
1202 2241 1231 2325 j.
1246 2242 1270 2306 f.
1285 2241 1322 2304 in
1347 2240 1473 2317 eadem,
1498 2258 1597 2322 qnam
1622 2235 1769 2316 Rogerus
1793 2232 1980 2315 Doyncourt

494 2347 569 2389 enm
587 2375 595 2391 .

522 2464 614 2528 Prior
628 2466 667 2529 de
682 2465 887 2552 Thurgarlon
900 2473 993 2531 tenet
1008 2466 1070 2553 iiij.
1086 2470 1214 2550 partem
1228 2465 1254 2551 j.
1270 2465 1294 2528 f.
1309 2466 1344 2527 in
1363 2463 1543 2532 Sosonwns.

523 2599 737 2664 <¹›wi11elmus
752 2600 1018 2666 Conslabularius
1032 2607 1125 2666 tenet
1139 2623 1171 2667 v.
1186 2603 1315 2685 partam
1329 2606 1364 2663 et
1378 2599 1421 2664 lx.
1438 2602 1564 2681 partem
1580 2614 1637 2661 un.
1653 2592 1677 2658 f.
1693 2593 1729 2655 in
1745 2590 1869 2655 eadem.

480 2735 629 2883 teAbbas
642 2735 682 2800 de
697 2736 862 2820 Kyrksled
878 2743 971 2803 lenel
985 2739 1070 2824 xxxj.
1087 2743 1212 2822 partem
1226 2735 1307 2800 dicti
1324 2734 1346 2799 f.
1364 2735 1399 2798 in
1414 2733 1537 2811 eadem,
1561 2750 1660 2814 quam
1684 2728 1771 2791 idem
1796 2719 1980 2785 Willelmus

517 2823 600 2887 nuit.

523 2959 615 3024 Prior
637 2961 819 3046 Hospitalis
843 2968 935 3028 lenct
958 2963 1009 3050 iij.
1033 2969 1160 3048 perlem
1183 2984 1239 3027 un.
1256 2962 1280 3027 l.
1306 2963 1341 3025 in
1366 2961 1535 3035 Kranaos,
1560 2975 1658 3040 quam
1681 2952 1837 3036 magister
1860 2946 1982 3010 milicie

480 3047 609 3131 Templi
622 3052 786 3132 qnondam
801 3052 920 3117 lenuit.

524 3180 708 3248 Willelmus
731 3185 872 3271 Bergale
897 3194 992 3250 tenet
1015 3187 1086 3270 viij.
1110 3192 1237 3270 partem
1261 3197 1295 3250 et
1321 3207 1349 3249 o.
1371 3187 1500 3267 perlem
1515 3182 1540 3267 j.
1557 3181 1580 3244 f.
1596 3181 1631 3242 in
1648 3177 1885 3251 Trnssnnorrn,
1902 3191 1981 3254 quas

480 3266 672 3354 Radulphus
687 3270 833 3358 Burgete
847 3273 1010 3358 quondam
1025 3276 1147 3339 lenuit.

524 3405 630 3469 Abbas
645 3409 686 3472 de
701 3409 858 3474 Kirksted
874 3416 967 3475 tenet
982 3411 1051 3494 viij.
1068 3417 1196 3495 partem
1211 3431 1270 3476 un.
1286 3410 1309 3474 f.
1326 3410 1360 3470 in
1386 3408 1512 3486 eadem,
1534 3424 1632 3488 quam
1658 3403 1766 3466 dictus
1791 3394 1983 3481 Radulphus

481 3494 643 3574 quondam
659 3499 779 3564 lenuit.
1779 3505 1780 3510 ’

524 3630 616 3694 Prior
627 3634 668 3697 de
683 3635 884 3701 Heverholm
898 3642 990 3700 tenet
1005 3657 1036 3702 x.
1054 3644 1178 3720 partem
1194 3635 1275 3700 dioli
1291 3635 1314 3699 f.
1330 3635 1366 3696 in
1382 3632 1506 3712 eadem,
1522 3629 1654 3693 nomine
1669 3626 1752 3691 dicli
1766 3606 1959 3707 deulphi.'

524 3767 616 3830 Prior
641 3770 822 3853 Hospitalis
847 3778 939 3837 tenet
964 3773 1074 3859 xxxiij.
1091 3779 1216 3856 partem
1242 3792 1299 3836 un.
1317 3770 1340 3837 f.
1356 3772 1392 3834 in
1418 3734 1542 3848 eadem,
1559 3785 1656 3850 quam
1678 3764 1834 3849 magister
1857 3758 1980 3822 milicie

482 3852 613 3938 Templi
627 3859 788 3941 quondam
804 3862 925 3925 comsit.

485 3991 906 4148 Becaptizutleumffneomie
929 4002 1021 4062 lenel
1034 4020 1066 4063 x.
1084 4002 1210 4083 partem
1223 3998 1249 4083 j.
1266 3997 1289 4062 f.
1307 3997 1343 4060 in
1358 3995 1483 4073 eadem,
1500 4012 1599 4077 quem
1613 3990 1777 4075 predictus
1791 3950 1982 4068 denlphns

529 4099 586 4164 rga
667 4103 725 4147 nm

524 4206 689 4273 lohannes
711 4212 752 4275 de
777 4212 947 4296 Kyrlrelon
963 4220 1055 4279 tenet
1069 4214 1131 4301 iiij.
1148 4220 1254 4300 partes
1270 4214 1316 4277 di.
1333 4213 1357 4277 f.
1374 4219 1409 4275 el
1424 4234 1451 4277 o.
1469 4216 1596 4296 partem
1610 4208 1636 4294 j.
1651 4205 1675 4272 f.
1692 4206 1726 4269 in
1743 4204 1981 4280 TYMBERLONfls

456 4314 461 4326 ·
482 4315 562 4376 quas
576 4296 597 4359 J
599 4294 743 4361 ohannes
758 4298 836 4364 Bret
851 4304 971 4367 tenuit.

527 4433 633 4497 Abbos
652 4436 693 4497 de
717 4436 904 4520 Kyrkstedo
930 4443 1021 4503 tenet
1044 4439 1110 4523 xvj.
1125 4445 1254 4523 partem
1277 4437 1360 4501 dioli
1386 4437 1409 4501 f.
1425 4436 1460 4499 in
1483 4402 1609 4513 eadem,
1625 4452 1724 4516 quam
1746 4427 1920 4513 Philippus
1942 4425 1982 4489 de

484 4519 699 4604 Tymberland
718 4524 882 4608 quondam
896 4526 1016 4591 tenuit.

529 4658 620 4721 Prior
634 4661 675 4724 de
691 4659 798 4745 Kyme
813 4666 904 4726 tenet
920 4662 966 4725 di.
981 4663 1005 4728 l.
1022 4664 1058 4726 in
1074 4663 1198 4743 Tnosr,
1213 4662 1299 4746 quod
1315 4660 1429 4725 Simon
1444 4660 1484 4723 de
1501 4658 1608 4743 Kyme
1623 4657 1743 4721 lenuit.

528 4791 620 4855 Prior
634 4792 752 4857 Sancte
767 4793 925 4858 Koterine
940 4798 1033 4860 tenel
1047 4796 1092 4862 xl.
1108 4805 1236 4880 partem
1249 4797 1276 4882 j.
1292 4796 1317 4864 f.
1333 4799 1368 4859 in
1384 4797 1622 4874 Tissensium,
1637 4811 1735 4876 quem
1751 4788 1924 4872 Philippus
1943 4784 1983 4848 de

484 4878 699 4961 Tymberland
714 4883 834 4949 tenuit.

514 5004 740 5072 ⁶<¹>Willelmus
764 5008 927 5073 Thurston
953 5016 1046 5075 tenet
1068 5012 1130 5099 iiij.
1159 5017 1299 5096 partem,
1323 5034 1354 5078 x.
1379 5014 1520 5095 partem,
1545 5012 1580 5072 el
1606 5006 1689 5093 iiij¹¹
1708 5009 1834 5089 perlem
1857 5003 1881 5089 j.
1897 5000 1922 5066 f.
1949 5002 1982 5065 in

487 5094 611 5173 Taces,
627 5116 707 5179 quas
722 5096 883 5160 Henricus
901 5102 1028 5177 (rectior
1042 5098 1150 5179 heres)
1169 5100 1324 5163 Falconis
1344 5097 1399 5186 [de
1415 5094 1564 5183 Templo]
1585 5094 1750 5179 quondam
1764 5100 1885 5156 lenuit.

530 5233 621 5295 Prior
643 5233 825 5316 Hospitalis
848 5240 945 5301 tenet
968 5238 1040 5323 viij.
1056 5243 1182 5320 partem
1209 5248 1345 5320 excepta
1370 5256 1452 5299 oocc.
1469 5238 1561 5319 parle
1583 5233 1608 5319 j.
1626 5233 1648 5297 f.
1676 5232 1709 5295 in
1734 5230 1859 5307 eadem,
1885 5246 1983 5311 quam

487 5322 641 5403 magister
655 5319 779 5384 milicie
793 5322 919 5406 Templi
935 5326 1100 5407 qnondam
1114 5326 1235 5389 tenuit.

529 5445 623 5510 Prior
638 5447 756 5511 Sancto
771 5447 930 5514 Kalerine
946 5457 1036 5517 tenet
1050 5452 1176 5536 lxxviij.
1193 5457 1320 5535 partem
1330 5449 1359 5534 j.
1376 5449 1399 5516 l.
1417 5451 1453 5513 in
1478 5448 1602 5528 eadem,
1629 5464 1710 5529 quas
1736 5444 1850 5508 fratres
1873 5440 1982 5506 Sancti

486 5534 600 5598 Lazari
613 5535 776 5619 quondam
790 5544 980 5604 tennerunt.
1623 5550 1625 5557 '

523 5672 679 5824 i{otlpannc
693 5674 735 5737 de
747 5674 849 5759 Parys
863 5678 955 5739 tenet
970 5675 1019 5762 iij.
1031 5681 1197 5741 comestas
1212 5681 1295 5742 lerre
1309 5676 1490 5755 ἱιιΗιιιιιιι,
1502 5694 1639 5758 quarum
1650 5669 1707 5753 vij.
1717 5668 1844 5734 faciunt
1854 5667 1985 5731 feodum

489 5780 522 5822 m
549 5782 561 5823 1
591 5781 617 5825 s.

1129 5937 1158 6000 (²)
1171 5938 1205 5985 Ar
1216 5936 1246 5985 ic
1257 5934 1331 5986 1³03.
