5000 7050
561 1056 626 1121 492
1203 1055 1423 1123 NORFOLK.

607 1338 793 1404 willelmus
817 1340 859 1405 de
882 1340 987 1427 Bergh
1011 1347 1046 1407 et
1069 1342 1213 1419 Snlmon,
1228 1347 1332 1407 rector
1346 1342 1480 1407 ecclesis
1494 1344 1534 1407 ds
1549 1343 1678 1419 (luston,
1693 1346 1810 1407 tenent
1826 1320 2007 1404 manerium
2023 1337 2066 1424 <is

565 1425 690 1493 Olenon
705 1426 746 1491 ds
760 1425 910 1493 lohanne
924 1428 1060 1496 Bardolf
1071 1449 1129 1513 pro
1144 1429 1190 1495 di.
1206 1427 1230 1496 f.
1248 1449 1292 1495 m.
1308 1430 1394 1513 qnod
1410 1430 1574 1516 quondam
1589 1430 1655 1494 fuit
1669 1427 1828 1492 Willelmi
1842 1427 1884 1492 de
1901 1428 2020 1495 Ceston

1976 1531 2062 1579 xus.

606 1646 748 1714 Thomas
773 1651 874 1716 Wslre
900 1656 991 1717 tenet
1014 1656 1195 1719 manerium
1221 1654 1262 1719 de
1291 1655 1507 1723 Srowsnrnon
1534 1655 1569 1717 in
1593 1653 1757 1717 dominico
1785 1656 1820 1717 et
1849 1651 1981 1715 servicio
2006 1668 2064 1733 pro

564 1737 609 1801 di.
626 1737 649 1801 f.
665 1759 711 1801 m.
735 1739 777 1802 de
802 1739 934 1804 domino
956 1762 1030 1826 rege
1053 1742 1104 1807 io.
1131 1742 1219 1825 quod
1243 1743 1407 1827 quondam
1434 1743 1595 1806 Henrious
1622 1742 1663 1805 de
1688 1738 1857 1805 Gildeiord
1883 1739 1992 1803 tenuit
2022 1735 2063 1799 ad
2093 1748 2095 1753 ·

564 1826 741 1889 terminum
769 1827 838 1889 vite
868 1846 926 1891 sne
954 1828 996 1892 de
1026 1828 1179 1912 Hawysia
1211 1830 1243 1894 le
1272 1828 1365 1909 Veel‚
1395 1830 1434 1893 ds
1463 1850 1527 1914 quo
1559 1829 1605 1893 di.
1631 1828 1653 1894 i.
1684 1826 1899 1909 Buldewynus
1928 1825 2063 1901 Butnrt,

563 1910 720 2062 {tieqrhdue
734 1912 868 2063 dqlaqla
882 1919 917 1978 et
931 1918 1111 1998 percenarii
1127 1916 1178 1980 sui
1192 1919 1309 1981 tenent
1326 1917 1360 1981 in
1373 1916 1528 1983 Toussorr
1544 1920 1669 1979 sextam
1683 1919 1809 1999 partem
1825 1913 1907 1976 dieti
1928 1912 1972 1976 di.
1985 1910 2007 1975 i.
2016 1930 2061 1974 m.

585 2019 603 2062 θ
668 2019 742 2063 01118
840 2021 859 2065 0
967 2040 1889 2055 ..........
1977 2015 2060 2063 xxj,

608 2135 750 2200 Heredes
777 2135 906 2201 Osberti
932 2135 973 2201 de
999 2138 1126 2223 Boyton
1151 2143 1242 2204 tenet
1269 2139 1305 2202 in
1331 2138 1527 2207 Poimenon
1543 2160 1645 2205 unum
1661 2136 1865 2221 quarterium
1880 2136 1904 2223 j.
1920 2135 1944 2201 f.
1960 2155 2005 2200 m.
2020 2132 2060 2196 de

562 2221 711 2286 Johunne
725 2222 766 2286 de
780 2222 932 2303 Neriord,
946 2226 1032 2310 quod
1046 2226 1209 2311 quondam
1223 2226 1291 2291 fuit
1305 2226 1427 2291 'rhome
1441 2227 1536 2296 Ware
1597 2264 1608 2278 ·
1698 2266 1708 2277 -
1799 2263 1810 2273 ·
1900 2262 1910 2274 -
1998 2242 2059 2286 as.

606 2362 705 2446 Hugo
719 2362 760 2426 de
775 2360 965 2427 Bolsenhsm
979 2368 1014 2428 et
1025 2364 1129 2429 illicia
1143 2371 1248 2429 mater
1263 2364 1334 2453 ejus
1348 2370 1465 2429 tenent
1478 2367 1514 2428 in
1530 2365 1727 2431 Tasmenon
1744 2382 1846 2425 unum
1862 2361 2060 2445 quarterium

562 2448 584 2513 f.
601 2470 647 2515 m.
663 2450 705 2513 de
718 2447 867 2513 Johanne
882 2449 922 2515 de
937 2450 1071 2515 Neriord
1190 2488 1908 2503 --------
1997 2469 2059 2511 rna.

605 2583 770 2649 iohannes
784 2584 824 2649 ds
838 2585 973 2653 Griston
989 2595 1079 2652 tenet
1092 2588 1126 2651 in
1143 2587 1291 2655 Gnrsnou
1308 2608 1411 2652 unum
1436 2586 1638 2672 quarterium
1663 2586 1686 2653 f.
1704 2609 1747 2654 m.
1770 2587 1811 2650 ds
1834 2585 1997 2649 eomitissa
2021 2582 2060 2644 de

562 2674 667 2752 Clare,
682 2678 716 2736 et
730 2672 843 2737 endem
858 2674 900 2738 de
913 2695 990 2761 rege
1005 2675 1058 2741 io.
1074 2675 1160 2759 quod
1174 2674 1338 2758 quondam
1353 2674 1419 2739 fuit
1433 2675 1553 2760 Rogeri
1567 2673 1608 2739 de
1623 2675 1806 2738 Griston-
1898 2711 1908 2723 -
1996 2689 2059 2735 ns.

694 2809 829 2875 Summa
843 2808 951 2878 xinli.
966 2809 1090 2894 xviij.s.
1106 2830 1163 2892 pro
1178 2808 1220 2875 ix.
1235 2808 1260 2876 f.
1276 2810 1321 2874 di.
1339 2830 1402 2873 uno
1417 2810 1581 2895 quarterio
1596 2814 1631 2873 et
1646 2809 1691 2874 „a
1711 2814 1802 2893 parts
1812 2809 1839 2895 j.
1855 2810 1878 2877 l.
1894 2830 1938 2877 m.

996 3158 1217 3223 Honnnnnnu
1240 3178 1284 3223 nn
1308 3157 1633 3226 GRIMESHOWE.

607 3318 1016 3384 Juratores.-—Willelmus
1039 3319 1185 3405 Gysoun,
1209 3320 1354 3405 Roqerus
1368 3319 1503 3404 Puteys‚
1518 3319 1667 3387 Clemens
1683 3321 1866 3397 constable,
1880 3321 2063 3386 Willelmus

564 3406 651 3470 filius
666 3404 788 3470 Thome
803 3404 965 3483 Overbelr,
979 3406 1163 3471 Willelmus
1178 3404 1449 3491 Chaumberleyn,
1462 3405 1484 3469 J
1485 3404 1626 3470 ohannes
1641 3406 1728 3471 filius
1743 3406 1885 3472 Simonis
1905 3407 2063 3487 Overbek,

564 3494 729 3559 lohannes
742 3498 812 3563 atie
821 3492 1045 3573 Tuneshende,
1055 3493 1198 3559 Andreas
1206 3492 1373 3573 Baxstere,
1382 3493 1493 3559 Simon
1507 3495 1542 3558 in
1556 3492 1613 3557 the
1626 3494 1740 3574 Hime,
1752 3494 1911 3560 Robertus
1923 3494 2062 3574 Fullsre,

564 3581 758 3732 Willelmqsd
761 3580 847 3645 filius
856 3580 1019 3666 Stephani
1027 3580 1138 3668 Gyson
1155 3587 1190 3646 et
1202 3581 1365 3648 Henrions
1379 3582 1518 3667 Taylour
1531 3602 1540 3655 ι
1554 3582 1612 3666 qui
1626 3581 1743 3646 dieunt
1757 3603 1814 3666 per
1828 3587 2063 3648 sacramentum

563 3689 658 3734 suum
673 3689 718 3752 qu
769 3690 778 3731 r
793 3705 823 3715 —·

607 3859 767 3921 Dominus
782 3857 946 3922 Walterus
961 3858 1064 3944 Bigot
1078 3861 1171 3922 tenet
1186 3859 1222 3922 in
1237 3858 1366 3926 Torius
1380 3858 1405 3944 j.
1422 3860 1445 3924 i.
1460 3879 1504 3924 m.
1519 3857 1561 3922 ds
1575 3855 1725 3922 Johanns
1742 3857 1905 3936 colofon,
1928 3862 1962 3923 et
1976 3859 2061 3923 idem
2089 3910 2093 3916 .

564 3945 1155 4098 {qqqquranqqetepi-seopo.n01rici‚
1177 3948 1220 4083 et
1249 3947 1418 4082 eqisoopus
1445 3945 1491 4083 de·
1514 3965 1593 4082 rege
1620 3945 1795 4083 i.o..quod.
1808 3946 1971 4083 quondam
1983 3946 2063 4098 ¹{nint

608 4170 771 4234 Johannes
785 4169 826 4233 de
841 4168 959 4237 Ceston
976 4174 1069 4233 tenet
1083 4170 1118 4231 in
1135 4169 1263 4236 Turnus
1278 4170 1324 4235 di.
1341 4169 1363 4232 f.
1379 4189 1423 4234 m.
1439 4168 1480 4232 de
1496 4170 1646 4253 episcopo
1660 4168 1809 4247 Norwici,
1835 4175 1870 4233 et
1895 4170 2063 4254 episcopus

564 4258 605 4323 de
619 4277 706 4342 rege,
720 4255 806 4342 quod
822 4255 1004 4319 Willelmus
1019 4255 1108 4318 filius
1123 4256 1257 4320 Roberti
1272 4255 1312 4320 de
1327 4256 1449 4323 (luston
1463 4255 1627 4341 quondam
1643 4256 1753 4320 tenuit
1775 4296 1786 4309 -
1878 4296 1888 4307 -
1977 4277 2061 4322 xus.

565 4483 587 4546 d
607 4392 771 4458 lohannes
784 4391 824 4456 ds
837 4392 949 4456 'Postea
964 4396 1059 4456 tenet
1074 4393 1108 4456 in
1125 4393 1255 4460 Tonans
1270 4392 1315 4458 di.
1331 4391 1355 4461 i.
1371 4412 1415 4458 m.
1432 4394 1473 4458 de
1500 4394 1652 4478 episeopo
1678 4392 1816 4458 Norwioi
1839 4398 1873 4456 et
1895 4395 2063 4476 episeopus

586 4500 692 4566 01030
761 4519 1886 4532 ............
1973 4499 2061 4544 m,

609 4619 768 4681 Dominus
790 4615 954 4680 (isnardus
977 4616 1019 4680 de
1043 4616 1156 4682 Insula
1182 4623 1277 4682 tenet
1305 4620 1338 4682 in
1363 4618 1577 4686 Muunnsoan
1601 4618 1645 4683 di.
1671 4620 1694 4684 f.
1710 4639 1755 4684 m.
1781 4616 1822 4679 de
1848 4614 1995 4680 iohanne
2022 4617 2063 4681 de

566 4705 689 4784 Insula,
716 4710 750 4769 et
774 4703 863 4767 idem
888 4703 1054 4768 lohannes
1079 4705 1121 4770 de
1145 4705 1266 4770 oomite
1291 4706 1468 4786 Anmerliq
1495 4711 1529 4770 et
1544 4725 1651 4770 onmes
1665 4705 1706 4769 ds
1721 4705 1869 4788 episeopo
1880 4703 2014 4783 Elienei,
2030 4708 2065 4768 et

563 4794 731 4942 qqissuqqpus
745 4791 786 4930 de
801 4792 922 4929 comite
936 4790 1137 4931 lluresoqllo,
1154 4799 1189 4931 et
1202 4812 1310 4932 eomes
1324 4793 1364 4858 de
1373 4811 1465 4931 rege,
1474 4792 1585 4931 ’quod-
1600 4793 1763 4930 quondam
1777 4789 1852 4929 ‘init
1877 4790 2065 4944 ivmlgixffle,

609 5013 763 5080 Osbertus
776 5014 818 5079 de
831 5013 1025 5080 Mundeiord
1041 5021 1133 5081 tenet
1147 5018 1182 5080 in
1199 5016 1414 5084 Munnnrosn
1431 4979 1536 5081 unum
1548 5016 1748 5100 quarterium
1764 5015 1788 5079 f.
1805 5035 1849 5079 ιιι.
1862 5015 1903 5078 de
1917 5012 2065 5080 iohanne

564 5106 604 5168 de
625 5101 779 5171 Gokeield
804 5107 839 5167 et
861 5103 1057 5186 peroeuariis
1081 5105 1157 5183 suis,
1184 5113 1218 5168 et
1243 5104 1333 5168 idem
1359 5103 1524 5167 lohannes
1550 5109 1583 5167 et
1609 5103 1789 5187 peruenerii
1815 5106 1863 5164 sui
1891 5103 1931 5166 ds
1945 5103 2066 5166 comite

565 5189 749 5269 Warennie,
762 5193 797 5253 st
811 5209 918 5252 comes
932 5188 973 5252 de
987 5210 1074 5276 rege,
1089 5190 1176 5271 quod
1191 5190 1356 5255 Johsnnes
1370 5192 1411 5254 de
1427 5189 1625 5254 Mundeiord
1639 5189 1803 5273 quondam
1818 5189 1930 5253 tenuit
2000 5208 2065 5254 ιε.

607 5326 772 5390 lohannes
786 5323 897 5409 Spioer
911 5329 945 5389 et
961 5322 1148 5408 Stephanus
1159 5325 1354 5410 Buldewyne
1370 5331 1484 5391 tenent
1499 5327 1536 5388 in
1551 5326 1732 5391 Lunusonn
1748 5344 1850 5387 unum
1865 5324 2066 5407 quarterium

564 5417 588 5480 f.
603 5435 649 5479 m.
665 5413 706 5476 de
720 5409 868 5476 Johanns
890 5411 1026 5496 csmeys
1048 5417 1083 5476 et
1105 5415 1302 5497 personariis
1323 5416 1402 5490 suis,
1427 5419 1462 5477 et
1486 5413 1575 5476 idem
1590 5409 1755 5475 lohannes
1769 5417 1804 5473 et
1821 5412 1999 5494 percenarii
2016 5413 2066 5475 sui

564 5502 605 5566 de
619 5501 740 5565 oomite
753 5498 969 5577 Glonoestrie‚
982 5502 1018 5562 et
1031 5519 1140 5564 oomes
1155 5501 1197 5564 de
1211 5519 1300 5586 rege,
1313 5497 1399 5586 quod
1411 5501 1576 5585 quondam
1591 5499 1655 5561 fuit
1670 5496 1829 5560 Willelmi
1845 5497 2040 5582 Balderryne

1997 5607 2063 5652 ns.

608 5721 791 5787 Willslmus
815 5720 978 5808 Longstet
1001 5728 1033 5785 et
1061 5721 1247 5788 Willelmus
1272 5724 1360 5787 filius
1385 5722 1546 5808 Stephani
1569 5723 1680 5806 Gyson
1702 5725 1816 5785 tenent
1842 5721 1876 5784 in
1892 5721 2067 5788 Lmusonn

565 5816 712 5875 octavam
726 5811 853 5893 partem
866 5808 891 5896 j.
906 5808 930 5873 i.
947 5827 991 5874 m.
1006 5808 1049 5872 de
1067 5807 1218 5875 Johanne
1232 5809 1274 5875 de
1290 5810 1477 5896 Snyterton,
1490 5809 1560 5873 eive
1576 5809 1606 5872 N
1608 5807 1727 5884 orrici,
1741 5811 1777 5871 et
1791 5805 1879 5870 idem
1903 5807 1925 5870 J
1926 5808 2068 5872 ohannes

564 5897 603 5961 de
618 5896 739 5959 oomite
753 5893 944 5959 Maresoello
958 5899 994 5959 et
1010 5894 1100 5960 idem
1116 5896 1156 5961 de
1171 5915 1247 5981 rege
1294 5929 1911 5949 ·······
1974 5987 1979 5996 ¹
2000 5913 2066 5961 va.
