5000 7050
544 1068 610 1132 448
1190 1070 1410 1137 NORFOLK.

588 1352 1051 1422 demortuum-Julians
1077 1356 1119 1420 de
1145 1356 1280 1421 Stortou
1303 1362 1400 1421 tenet
1425 1358 1461 1421 in
1486 1356 1600 1421 eudem
1622 1356 1649 1441 j.
1666 1356 1690 1423 f.
1707 1378 1751 1423 m.
1768 1356 1804 1420 in
1830 1356 1993 1421 dominico
2016 1362 2052 1419 et

547 1442 682 1505 servicio
696 1442 737 1505 de
752 1444 873 1506 comite
888 1443 1067 1523 hiuooinm,
1083 1448 1118 1507 et
1133 1444 1222 1508 idem
1236 1464 1345 1508 comes
1359 1445 1400 1509 de
1416 1444 1559 1513 Roberto
1574 1444 1641 1507 filio
1664 1443 1812 1523 Waltsri‚
1834 1449 1868 1509 ct
1883 1444 2052 1528 predictos

548 1528 709 1593 Itobertus
724 1529 765 1592 de
780 1530 911 1593 domino
926 1551 1023 1615 rege·
1058 1531 1140 1595 Inde
1161 1570 1884 1584 --------
1972 1530 2051 1596 xla.

595 1664 989 1733 Summa-Johannes
1003 1669 1043 1733 de
1058 1668 1157 1732 Arcik
1172 1670 1315 1733 tenetis
1331 1669 1444 1733 eadem
1460 1669 1671 1734 medietatem
1686 1669 1710 1755 j.
1728 1668 1751 1734 f.
1768 1689 1811 1733 m.
1825 1668 1864 1732 de
1878 1667 2051 1731 Edmundo

549 1752 618 1817 filio
633 1754 739 1833 Alani,
756 1760 791 1818 et
806 1754 863 1819 ille
878 1756 920 1819 de
934 1776 1021 1841 rege.
1068 1756 1151 1819 Inde
1255 1796 1875 1810 -------
1964 1776 2049 1821 xmo.

592 1840 687 1904 Idem
702 1840 865 1905 Johannes
880 1850 973 1907 tenet
987 1846 1022 1906 in
1036 1845 1150 1908 eadem
1174 1848 1326 1928 quartam
1351 1846 1480 1927 partem
1498 1844 1527 1928 j.
1544 1844 1567 1909 f.
1584 1844 1623 1907 de
1646 1842 1792 1927 predicto
1808 1840 1992 1920 Edmuudo‚
2016 1850 2051 1905 et

550 1927 605 1991 ille
619 1928 659 1991 de
674 1928 806 1991 domino
820 1951 907 2013 rege.
954 1931 1034 1994 Inde
1072 1966 1898 1985 ---------
1967 1952 2015 1995 ·x.
2024 1949 2049 1995 s.

593 2066 946 2132 Passim-Heredes
972 2066 1146 2131 Alexandri
1169 2069 1201 2131 16
1227 2068 1446 2134 Goddeloverd
1473 2065 1708 2155 [Goldelovere]
1737 2068 1911 2132 tenentia
1936 2067 2050 2131 eadem

549 2157 700 2236 quartam
714 2159 840 2237 partem
853 2154 879 2239 j.
895 2156 919 2220 f.
936 2177 980 2220 m.
1002 2157 1037 2218 in
1061 2155 1225 2219 dominico
1250 2162 1285 2219 et
1310 2156 1445 2220 servicio
1469 2158 1508 2219 de
1531 2154 1680 2219 Johanne
1704 2156 1744 2219 de
1769 2154 1879 2235 Arsilr,
1902 2162 1938 2231 et
1961 2154 2049 2217 idem

549 2240 715 2304 Johannes
730 2240 771 2303 de
787 2240 961 2305 Edmuudo
975 2240 1043 2305 filio
1058 2242 1164 2321 Alani,
1180 2248 1214 2306 et
1229 2243 1317 2306 idem
1333 2242 1526 2307 Edmundus
1542 2242 1581 2306 de
1597 2262 1681 2328 rege.
1728 2242 1811 2305 Inde
1886 2282 1897 2294 ·
1986 2261 2048 2305 rac.

594 2326 765 2391 Fresentia
788 2327 830 2391 de
853 2328 965 2393 Bevile
985 2335 1078 2393 tenet
1093 2336 1240 2414 quartam
1256 2336 1383 2414 partem
1399 2330 1424 2416 j.
1441 2330 1463 2393 f.
1479 2350 1523 2394 m.
1540 2331 1575 2393 in
1589 2330 1756 2394 dominico
1769 2334 1804 2393 et
1819 2330 1952 2393 servicio
1973 2326 2043 2415 [de]

551 2412 697 2478 Johanne
712 2414 744 2478 16
761 2414 895 2493 Bretun,
910 2422 944 2480 et
959 2417 1016 2481 ille
1030 2418 1071 2481 (16
1089 2417 1263 2481 Edmundo
1278 2416 1346 2481 filio
1361 2418 1468 2497 Alani,
1484 2422 1520 2481 et
1535 2418 1622 2481 idem
1638 2416 1832 2480 Edm'undus
1855 2416 1896 2479 de
1920 2417 2051 2480 domino

551 2522 639 2586 rege,
684 2501 766 2564 Inde
874 2538 1494 2556 ........
1553 2538 1594 2556 .,
1685 2544 1696 2557 .
1786 2544 1798 2557 .
1887 2543 1899 2555 .
1986 2524 2050 2567 m,

595 2638 1043 2705 Houormaaa.--Petronilla
1067 2641 1107 2705 de
1134 2641 1218 2705 Gros
1242 2646 1336 2706 tenet
1360 2642 1395 2705 iu
1418 2641 1530 2706 eadem
1554 2646 1705 2727 quartam
1728 2645 1853 2725 partem
1867 2640 1893 2727 j.
1911 2640 1933 2706 f.
1949 2659 1994 2703 m.
2009 2639 2051 2703 de

453 2792 457 2801 ,
538 2727 673 2807 'comite
688 2727 730 2790 de
745 2726 899 2808 Arundel,
916 2734 951 2791 et
964 2748 1072 2793 comes
1088 2728 1128 2793 de
1142 2748 1229 2812 rege.
1275 2729 1357 2793 Inde
1379 2766 1899 2781 ------
1987 2747 2050 2791 ms.

596 2813 746 2877 Heredes
770 2813 937 2878 Edmundi
961 2816 1003 2880 de
1029 2815 1136 2900 Hyley
1150 2820 1268 2880 tenent
1279 2815 1306 2900 j.
1324 2816 1347 2880 f.
1364 2836 1409 2881 m.
1426 2818 1461 2879 in
1476 2816 1590 2880 eadem
1604 2816 1646 2879 de
1660 2815 1804 2880 Roberto
1818 2814 1887 2878 filio
1901 2814 2049 2893 Walteri‚

553 2904 588 2963 et
601 2901 690 2964 idem
704 2900 745 2966 R.
761 2902 800 2964 de
815 2922 902 2986 rege.
947 2903 1028 2966 Inde
1066 2942 1885 2956 ---------
1972 2901 2052 2967 rho.

596 2987 737 3073 Egidius
751 2990 793 3052 de
807 2989 933 3053 Hulmo
949 2994 1039 3053 tenet
1053 2990 1088 3054 iu
1103 2990 1218 3053 eodem
1231 2989 1276 3055 di.
1293 2991 1317 3056 f.
1333 3011 1377 3056 m.
1392 2992 1428 3053 in
1443 2991 1606 3054 dominico
1621 2996 1656 3053 et
1671 2989 1806 3054 servicio
1824 2986 1895 3076 [de]
1910 2988 2053 3051 Roberto

553 3074 623 3139 filio
639 3074 787 3153 Walteri,
802 3080 836 3140 et
851 3076 907 3139 ille
921 3076 960 3139 de
974 3097 1061 3162 rege.
1108 3072 1188 3141 Inde
1258 3116 1876 3130 -------
1965 3096 2050 3141 xmo.

598 3212 1050 3281 cummanum—willelmus
1063 3213 1105 3278 de
1121 3213 1268 3278 Hotham
1282 3219 1374 3278 tenet
1397 3217 1431 3278 in
1460 3216 1672 3284 Geussmnarr
1696 3215 1908 3279 medietatem
1935 3218 2051 3297 quarte

553 3302 655 3383 partis
665 3301 692 3385 j.
708 3301 732 3365 f.
748 3320 793 3365 m.
810 3302 850 3365 de
864 3302 991 3387 Agnete
1007 3301 1048 3365 de
1063 3300 1202 3385 Boyton,
1219 3308 1255 3365 et
1271 3302 1385 3367 eadem
1400 3303 1507 3387 Agnes
1532 3303 1573 3365 de
1603 3302 1766 3366 Willelmo
1792 3301 1832 3364 de
1859 3300 1987 3379 Castor,
2016 3306 2050 3363 et

552 3388 609 3450 ille
624 3389 664 3451 de
677 3389 828 3471 episcopo
842 3387 1049 3467 Norwioensi,
1064 3394 1098 3452 et
1112 3389 1202 3451 idem
1217 3390 1387 3473 episcopus
1402 3390 1441 3452 de
1455 3410 1543 3475 rege.
1589 3390 1695 3452 Inde·
1784 3428 1794 3440 -
1885 3429 1896 3439 -
1984 3406 2049 3453 v.a.

596 3473 762 3539 Johannes
777 3474 865 3539 filius
880 3474 1056 3540 Clementis
1071 3483 1164 3542 tenet
1178 3478 1213 3539 in
1228 3477 1342 3541 eadem
1367 3478 1578 3542 medietatem
1601 3482 1716 3562 quarte
1742 3476 1845 3561 pertis
1869 3476 1894 3562 j.
1912 3474 1933 3540 f.
1949 3494 1995 3541 m.
2011 3476 2050 3538 de

555 3562 697 3627 Waltero
711 3562 752 3626 de
767 3561 925 3647 Caletorp,
940 3569 972 3627 et
988 3565 1078 3628 idem
1093 3564 1258 3629 Walterus
1272 3565 1313 3628 de
1329 3566 1480 3649 episcopo
1495 3565 1710 3648 Norwyoeusi‚
1726 3574 1757 3628 et
1775 3565 1863 3627 idem
1885 3565 2052 3647 episcopus

555 3651 697 3736 detege.
743 3651 824 3715 lude
873 3685 1899 3704 -----------
1986 3669 2051 3714 v.s.

598 3786 993 3855 Omanae-Nicholaus
1018 3787 1060 3852 de
1083 3789 1244 3872 Weylond
1267 3793 1361 3852 tenet
1386 3791 1467 3853 duur
1491 3797 1598 3872 partes
1619 3790 1644 3874 j.
1661 3790 1684 3854 f.
1700 3809 1745 3852 m.
1769 3791 1805 3852 in
1829 3789 1991 3856 Oxusuao
2014 3788 2049 3850 in

555 3875 718 3939 dominico
746 3881 782 3938 ot
811 3876 947 3940 servicio
974 3875 1016 3939 de
1046 3875 1202 3939 Eduardo
1228 3875 1374 3953 Burnell,
1397 3882 1432 3941 et
1460 3877 1549 3940 idem
1575 3877 1750 3940 Edwardus
1779 3877 1819 3940 de
1846 3877 1985 3960 Hugone
2010 3876 2052 3938 de

555 3962 774 4046 Dodigeseles‚
792 3969 824 4026 et
839 3962 928 4025 idem
942 3963 1042 4046 Hugo
1057 3962 1096 4026 de
1111 3983 1198 4047 rege.
1243 3963 1325 4027 Inde
1402 4003 1413 4014 -
1504 4004 1514 4015 -
1602 3999 1617 4012 -
1705 4001 1715 4016 ·
1802 3963 1921 4046 xxvjs.
1937 3961 2050 4047 viij.d.

598 4051 704 4113 Abbas
726 4050 768 4113 de
793 4047 934 4113 Derham
953 4054 1049 4113 tenet
1062 4051 1197 4113 terciam
1211 4056 1336 4133 partem
1353 4057 1466 4134 quarte
1482 4051 1586 4134 partis
1600 4051 1625 4136 j.
1641 4050 1665 4115 f.
1680 4070 1724 4113 m.
1738 4051 1774 4112 in
1789 4050 1903 4114 eedem
1920 4048 1997 4112 villa
2011 4048 2053 4112 de

454 4161 456 4166 ·
554 4137 725 4200 heredibus
753 4137 893 4200 Huberti
922 4135 1043 4220 Ruffyn
1073 4137 1108 4200 in
1139 4137 1302 4200 dominico
1332 4147 1366 4200 et
1396 4139 1530 4202 servicio
1559 4140 1593 4202 in
1623 4157 1736 4221 puram
1765 4137 1990 4214 elemosinam,
2018 4143 2054 4200 et

554 4223 694 4308 predicti
708 4223 841 4287 heredes
854 4228 968 4287 tenent
982 4224 1022 4287 de
1036 4221 1184 4289 Johanne
1199 4225 1240 4287 de
1257 4224 1407 4308 Olynton‚
1422 4233 1457 4289 et
1480 4225 1567 4290 idem
1592 4225 1756 4290 Johannes
1778 4224 1819 4288 de
1841 4224 1981 4308 Hugone
2008 4224 2049 4287 de

554 4310 793 4394 Doddigeseleq
806 4318 841 4375 et
854 4311 942 4374 idem
956 4310 1056 4393 Hugo
1070 4311 1111 4374 de
1127 4312 1259 4390 domino
1272 4333 1359 4397 rege.
1404 4311 1486 4375 Inde
1547 4352 1558 4364 -
1648 4351 1660 4362 -
1750 4351 1761 4363 ·
1849 4311 1931 4396 iijc,
1947 4309 2050 4398 iiijnd

597 4398 773 4462 Nieholaus
798 4399 837 4461 de
862 4397 1017 4481 Weyloud
1043 4401 1134 4461 tenet
1159 4400 1199 4462 de
1224 4399 1348 4462 eisdem
1374 4397 1545 4462 heredibus
1573 4399 1724 4481 quintam
1754 4403 1880 4481 partem
1904 4397 2051 4485 ejusdem

555 4493 667 4570 quarte
690 4486 805 4569 pertis,
828 4491 864 4548 et
889 4484 978 4553 idem
1001 4485 1133 4549 heredes
1159 4485 1199 4549 de
1228 4485 1376 4550 Johanne
1400 4486 1443 4550 de
1472 4486 1623 4570 Olymos,
1646 4493 1680 4548 et
1708 4485 1794 4550 idem
1819 4484 1986 4549 Johannes
2009 4486 2051 4549 de

555 4573 696 4657 Hugone
710 4573 752 4636 de
767 4571 1011 4654 Doddigeseles,
1025 4577 1061 4636 et
1075 4572 1182 4637 dictus
1197 4573 1296 4658 Hugo
1311 4573 1351 4636 de
1367 4573 1499 4636 domino
1513 4594 1598 4658 rege.
1645 4572 1726 4636 Inde
1775 4607 1789 4620 -
1878 4609 1889 4624 ·
1977 4572 2049 4658 ijs.

596 4657 775 4723 Nioholuus
799 4658 842 4722 dc
869 4657 1023 4742 Oxeburg
1046 4665 1140 4724 tenet
1164 4660 1203 4723 de
1228 4659 1378 4724 Johanne
1393 4661 1434 4725 de
1450 4659 1589 4744 Olynton
1604 4659 1765 4724 decimam
1784 4663 1905 4742 portem
1920 4660 1945 4744 j.
1962 4659 1986 4724 f.
2003 4679 2049 4724 m.

554 4746 652 4810 simul
690 4767 762 4809 cum
792 4745 867 4810 dote
903 4747 1090 4830 Margarete
1127 4749 1241 4820 matris
1278 4768 1346 4826 sue,
1378 4759 1412 4811 et
1448 4748 1536 4810 idem
1565 4747 1727 4810 Johannes
1763 4746 1803 4810 de
1833 4745 1974 4830 Hugone
2011 4746 2052 4810 (16

555 4834 799 4919 Doddigeseles,
814 4837 847 4897 et
862 4834 951 4897 idem
965 4834 1065 4918 Hugo
1080 4833 1119 4898 de
1133 4834 1376 4920 dominorege'
1410 4834 1491 4899 Inde
1551 4873 1561 4885 -
1653 4873 1663 4885 -
1753 4873 1764 4884 -
1855 4872 1867 4884 ·
1954 4830 2051 4918 iiijs.

600 4919 740 4983 Thomas
754 4921 796 4984 de
812 4920 905 4983 Ware
919 4927 1011 4984 tenet
1036 4925 1187 5003 quartam
1213 4927 1340 5005 partem
1367 4929 1481 5006 quarte
1504 4923 1605 5004 partis
1630 4922 1652 4985 f.
1668 4921 1693 5006 j
1709 4940 1754 4984 m.
1771 4920 1810 4982 de
1835 4917 1985 4982 Johanne
2012 4920 2054 4984 de

556 5008 696 5092 Olynton
711 5018 745 5072 et
759 5008 950 5091 percenuriis
965 5009 1043 5085 suis,
1056 5016 1093 5071 et
1114 5008 1204 5072 idem
1229 5007 1396 5072 Johannes
1421 5013 1455 5072 et
1480 5009 1658 5093 peroenarii
1683 5006 1755 5090 ejus
1780 5007 1821 5070 de
1847 5006 1986 5092 Hugone
2011 5007 2053 5070 de

556 5095 797 5178 Doddigeseles,
812 5102 847 5158 et
861 5094 951 5157 idem
965 5095 1064 5178 Hugo
1079 5095 1119 5158 de
1132 5114 1218 5180 rege.
1265 5095 1346 5159 Inde
1377 5134 1388 5147 ·
1478 5136 1489 5147 -
1564 5089 1590 5146 ⁴-
1680 5133 1691 5146 -
1781 5134 1792 5145 -
1881 5093 1952 5179 ipe.
1967 5092 2052 5178 vju.

598 5181 773 5246 Nicholaus
788 5181 831 5245 de
846 5179 999 5264 Oxeburg
1012 5189 1105 5246 tenet
1120 5189 1265 5246 octavam
1287 5189 1413 5266 partem
1437 5182 1582 5266 ejusdem
1609 5187 1722 5264 quarte
1747 5181 1847 5266 pertis
1870 5181 1910 5244 de
1936 5182 2053 5246 herede

555 5271 691 5354 predicti
718 5269 872 5345 Huberti,
895 5274 931 5330 et
953 5269 1039 5331 idem
1062 5266 1153 5331 heres
1176 5271 1216 5332 de
1239 5269 1386 5334 Johanne
1412 5270 1453 5332 de
1480 5267 1630 5353 Clynton,
1653 5275 1688 5332 et
1712 5268 1798 5331 idem
1825 5267 1988 5331 Johannes
2010 5269 2054 5331 de

555 5359 695 5442 Hugone
710 5358 750 5419 de
766 5354 987 5439 Dodigeseles,
1002 5353 1273 5441 etdictusHugo
1288 5356 1431 5440 detege.
1479 5356 1559 5420 [nde
1656 5396 1667 5406 -
1757 5394 1769 5406 -
1859 5394 1870 5405 -
1958 5357 2051 5420 xv.d.

597 5445 763 5507 Amandus
790 5443 831 5506 de
855 5439 1018 5506 Suthuore
1033 5446 1126 5505 tenet
1152 5443 1192 5505 de
1216 5442 1335 5507 herede
1351 5443 1488 5526 predicti
1511 5443 1655 5506 Huberti
1679 5441 1905 5504 duodecimam
1926 5448 2053 5524 partem

553 5532 698 5616 ejusdem
714 5535 827 5613 quarte
842 5528 957 5612 pertis,
971 5534 1005 5592 et
1020 5529 1130 5592 dictus
1143 5527 1235 5593 heres
1251 5529 1291 5594 (16
1306 5529 1456 5594 Johanne
1471 5529 1512 5594 de
1539 5529 1691 5614 Clymen,
1715 5533 1749 5591 et
1775 5528 1864 5595 idem
1887 5527 2054 5592 Johannes

555 5620 596 5684 de
611 5618 752 5701 Hugone
766 5618 806 5680 ds
821 5615 1063 5699 Doddigeseles,
1078 5621 1114 5680 et
1128 5617 1215 5680 idem
1230 5618 1330 5702 Hugo
1345 5617 1385 5680 de
1399 5637 1484 5702 rege.
1530 5615 1612 5680 Inde
1679 5654 1690 5667 ·
1780 5653 1791 5666 ·
1881 5611 1893 5668 ὲ
1981 5615 2052 5680 md.

600 5749 979 5823 ‘hemma-Johannes
1005 5752 1036 5816 le
1061 5752 1187 5816 Bretun
1206 5757 1299 5818 tenet
1314 5754 1349 5816 in
1364 5753 1477 5817 eadem
1493 5752 1768 5838 quadragesimam
1785 5753 1912 5834 partem
1926 5751 1950 5837 1'.
1966 5750 1989 5816 f.
2006 5771 2052 5816 m.

555 5844 596 5906 de
612 5840 739 5926 Rogero
754 5841 795 5904 (16
810 5838 946 5922 clyfort,
961 5840 1097 5903 etidem
1113 5839 1259 5924 Rogems
1274 5840 1314 5904 de
1330 5840 1470 5904 Roberto
1485 5839 1524 5903 de
1539 5839 1663 5922 ihony,
1679 5845 1713 5902 et
1726 5838 1814 5900 idem
1839 5835 1996 5902 Robertus
2011 5839 2053 5900 de

556 5929 688 5992 domino
701 5948 787 6014 rege.
831 5926 915 5991 Inde
938 5962 1864 5979 ----------
1954 5923 2052 6011 xiid.
