5000 7050
1038 1120 1048 1135 ·
1080 1098 1163 1165 Α.Ι).
1188 1102 1283 1167 1431.

904 1389 1139 1477 [Hounnanuu
1162 1409 1206 1453 nn
1229 1385 1460 1473 rotem]

461 1531 648 1614 inquisicio
663 1528 824 1594 hundredi
839 1530 880 1593 de
895 1528 1026 1593 Folstan
1042 1534 1137 1612 capta
1151 1527 1237 1611 apud
1247 1526 1364 1589 iilham
1380 1527 1433 1589 die
1451 1525 1541 1590 Jovia
1557 1528 1701 1609 proximo
1716 1531 1789 1609 poet
1805 1528 1925 1590 festum

419 1618 691 1686 circumsicione
713 1618 856 1695 Domini,
878 1637 963 1684 anno
987 1618 1080 1701 regni
1102 1616 1187 1699 regis
1211 1614 1346 1685 Henrici
1371 1615 1452 1679 sexti
1482 1614 1619 1695 decimo,
1645 1635 1751 1679 eoram
1781 1614 1927 1681 Johanne

419 1703 548 1769 Pecche
567 1712 638 1785 (etc.
654 1729 692 1771 aa
710 1707 837 1789 before),
861 1725 918 1787 per
943 1710 1179 1766 sacramentum
1206 1700 1340 1765 Roberti
1356 1700 1556 1786 Woghelete‚
1583 1701 1741 1765 Johannis
1766 1700 1927 1778 Sannum,

420 1792 583 1856 Johannis
608 1790 759 1878 Knyght,
776 1792 931 1855 Willeimi
953 1791 1094 1869 Hermon,
1117 1788 1275 1853 Johannis
1302 1788 1427 1852 Bakare
1443 1790 1484 1851 de
1500 1788 1636 1868 scotie,
1655 1790 1775 1854 Thome
1790 1788 1925 1867 Bakare,

420 1880 580 1946 Wiileimi
598 1879 799 1957 Shotewade‚
814 1878 972 1942 Johannis
985 1878 1107 1955 Watte‚
1122 1877 1267 1954 senioris,
1282 1875 1438 1940 Johannis
1453 1875 1589 1959 Moreys‚
1608 1875 1761 1940 Wiltelmi
1779 1876 1925 1959 Hobedy,

421 1965 583 2031 Johannis
620 1966 758 2046 Fullere,
794 1974 829 2029 et
866 1966 1023 2028 Wiilelmi
1060 1964 1305 2048 Wylmyngton‚
1337 1963 1530 2047 juratorum,
1568 1964 1624 2047 qui
1670 1965 1784 2027 dieunt
1833 1985 1927 2047 super

421 2060 663 2117 sacramentum
702 2075 795 2118 suum
832 2054 918 2137 quod
953 2053 1005 2116 die
1036 2052 1171 2115 Veneris
1199 2052 1345 2135 proximo
1375 2056 1449 2115 ante
1479 2052 1598 2114 festum
1637 2049 1749 2115 Sancti
1782 2051 1926 2128 Hiliarit

422 2144 580 2226 episcopi,
594 2142 713 2205 ultime
729 2142 920 2224 preteritum
932 2162 985 2203 :-

465 2280 627 2343 Dominus
637 2278 821 2341 Willeimue
829 2277 870 2341 de
882 2277 1044 2362 Glyngton
1059 2276 1124 2339 iuit
1138 2277 1268 2339 seisitua
1282 2276 1316 2339 in
1332 2276 1504 2355 dominico,
1514 2281 1551 2339 ut
1568 2276 1723 2341 delibero
1738 2282 1925 2341 tenemento

422 2388 492 2445 suo,
518 2368 560 2429 de
584 2367 730 2429 monerio
755 2365 796 2429 de
818 2366 974 2441 winton,
1005 2384 1080 2427 eum
1109 2364 1318 2447 pertinenciis
1351 2365 1428 2441 suis,
1457 2366 1490 2426 in
1521 2364 1686 2428 hundredo
1716 2366 1860 2448 predicto
1889 2366 1924 2427 in

421 2456 584 2517 comitatu
599 2452 733 2531 Kancie,
749 2459 839 2516 tento
854 2473 909 2536 per
926 2452 1095 2515 servicium
1111 2457 1221 2516 octove
1235 2452 1336 2536 partis
1350 2471 1404 2517 nn.
1420 2450 1444 2517 f.
1461 2452 1593 2536 integri.

465 2592 626 2657 Rohertus
641 2590 822 2675 Ponyngea,
836 2590 939 2668 miles,
954 2590 1020 2655 fuit
1034 2589 1164 2652 seisitua
1178 2589 1219 2653 de
1235 2590 1377 2653 manerio
1392 2589 1432 2652 de
1450 2588 1638 2659 Tamesis
1655 2591 1688 2653 in
1705 2584 1870 2654 hundredo
1891 2595 1925 2653 et

420 2681 581 2743 comitatu
596 2678 762 2763 predictis,
778 2684 869 2741 tento
883 2698 940 2761 per
954 2677 1125 2741 servicium
1142 2682 1253 2741 octave
1267 2677 1370 2761 partis
1386 2697 1441 2741 un.
1456 2678 1479 2743 f.
1496 2698 1539 2743 m.
1555 2678 1687 2761 integri.

465 2814 651 2878 willelmus
679 2814 828 2898 Everyng
856 2812 922 2877 fuit
950 2814 1078 2877 scisitus
1108 2818 1171 2878 etc.
1203 2813 1242 2876 de
1279 2814 1422 2876 monerio
1460 2812 1499 2877 de
1537 2813 1711 2891 Evrsrrte,
1741 2818 1833 2877 tento
1869 2834 1925 2897 per

421 2904 596 2969 servicium
612 2923 668 2966 un.
685 2902 708 2965 f.
724 2921 768 2966 m.
785 2903 917 2987 integri.

464 3038 632 3106 Johennes
655 3038 811 3123 Fyneanx
833 3038 898 3101 fuit
922 3038 1052 3101 seieitne
1074 3043 1136 3102 etc.
1164 3038 1203 3101 de
1226 3038 1370 3101 manerio
1395 3038 1435 3102 de
1462 3038 1580 3105 Noeris
1607 3040 1729 3118 Conse,
1751 3043 1845 3101 tento
1868 3059 1924 3122 per

420 3130 594 3192 servicium
610 3148 665 3193 un.
682 3126 705 3192 f.
721 3128 764 3189 in.
774 3127 989 3195 Summae.

463 3263 615 3329 Johanna
640 3265 808 3349 Fyneaur,
825 3264 932 3342 vidua,
947 3262 1012 3326 fuit
1035 3264 1146 3326 seisita
1169 3262 1289 3328 stede
1315 3263 1457 3327 manerio
1478 3262 1520 3327 de
1543 3264 1640 3330 Hem
1655 3264 1690 3327 in
1708 3264 1923 3343 fimorum,

418 3360 512 3416 tento
526 3373 586 3437 per
599 3353 771 3416 servicium
786 3372 842 3416 nn.
860 3352 883 3417 i.
900 3372 944 3415 m.
961 3351 1094 3436 integri.

463 3489 588 3554 Eadem
614 3488 763 3553 Johanna
789 3489 854 3553 fuit
879 3487 988 3552 scisita
1013 3493 1075 3554 etc.
1102 3486 1143 3552 de
1165 3488 1310 3552 monerio
1333 3487 1373 3552 de
1390 3488 1558 3567 Boreios,
1573 3494 1663 3553 tento
1677 3509 1735 3574 per
1749 3490 1921 3555 servicium

419 3579 464 3644 di.
482 3578 506 3644 i.
520 3599 565 3642 m.
580 3580 616 3641 in
634 3579 827 3645 Suessano.

464 3716 649 3780 willelmos
665 3713 825 3778 Wadham
839 3713 906 3778 fuit
919 3714 1050 3778 seiaitus
1064 3715 1105 3778 de
1120 3715 1265 3779 manerio
1287 3713 1328 3779 de
1351 3714 1526 3793 (immori,
1552 3719 1645 3779 tento
1668 3735 1725 3798 per
1750 3717 1922 3780 servicium

418 3803 826 3869 duorumf.m.etdi.in
871 3852 879 3867 .
926 3853 933 3867 .
980 3852 988 3868 .
1036 3852 1044 3866 .
1092 3852 1099 3867 .
1147 3852 1154 3867 .
1202 3852 1209 3867 .
1257 3852 1321 3866 ..

462 3936 641 4114 Thiffiu]
672 3940 712 4003 de
739 3939 919 4004 Easeborne
944 3937 1009 4004 suit
1032 3939 1163 4004 seisitua
1186 3945 1249 4004 etc.
1275 3938 1316 4004 de
1339 3939 1385 4004 di.
1411 3938 1433 4004 f.
1457 3959 1502 4004 m.
1525 3939 1561 4002 in
1588 3939 1786 4010 Ereseonus
1819 3937 1924 4026 [cnop

420 4052 514 4094 caii&
536 4051 555 4094 C
603 4076 611 4091 .

461 4140 734 4205 JohannesPen'a
756 4135 1081 4228 [fuitseisitusee]
1110 4187 1340 4204 .....
1364 4160 1408 4204 m.
1424 4140 1458 4202 in
1474 4139 1667 4208 Noenum.

463 4280 604 4342 Thomas
619 4278 750 4362 Knyvet
765 4277 830 4341 init
845 4277 980 4342 scisitus
996 4281 1060 4344 etc.
1077 4276 1119 4340 de
1134 4298 1190 4342 un.
1205 4277 1368 4362 quarterio
1387 4297 1442 4342 un.
1460 4276 1476 4339 f
1475 4326 1922 4344 .........

467 4416 579 4506 [reor
596 4399 788 4504 'sospitare
812 4416 924 4482 esses
950 4415 1111 4482 iohannis
1136 4414 1329 4502 remearem]
1351 4415 1386 4479 in
1412 4416 1461 4477 en
1486 4414 1532 4478 ιιι
1554 4416 1619 4479 suu
1647 4416 1777 4482 aeisitus
1798 4420 1860 4481 etc.
1883 4417 1924 4481 ce

421 4514 534 4590 quarta
548 4511 641 4588 parte
656 4506 756 4568 tercie
772 4506 873 4588 partis
886 4505 920 4568 di
923 4551 1186 4570 ......
1212 4502 1264 4590 [in
1281 4437 1486 4589 Surrentini
1523 4551 1921 4570 ........

421 4595 484 4658 tuit
497 4594 632 4657 seisitua
646 4597 711 4678 etc.
728 4592 768 4655 de
782 4593 948 4677 quarterio
963 4611 1019 4656 un.
1035 4592 1059 4656 t.
1073 4612 1107 4655 m
1135 4594 1171 4656 in
1186 4593 1291 4658 Prius
1305 4596 1339 4654 et
1384 4638 1888 4656 ..........

463 4778 1290 4796 ................
1335 4735 1397 4795 etc.
1415 4729 1454 4792 de
1469 4728 1516 4792 di.
1531 4727 1554 4793 f.
1570 4749 1613 4793 m.
1631 4730 1666 4792 in
1682 4729 1877 4796 Euennorrs.

460 4869 603 4936 Thomas
617 4869 711 4936 Abell
731 4865 960 4956 [iuitseiaitus
975 4865 1056 4956 etc]
1101 4917 1657 4934 ...........
1687 4864 1877 4956 [Anubin.

460 5007 577 5073 Petrus
593 5005 737 5071 Alkhem
751 5006 817 5070 fnit
831 5007 962 5070 aeiaitus
977 5010 1039 5072 eto.
1055 5006 1097 5070 de
1113 5027 1157 5069 un
1173 5006 1337 5088 quarterio
1351 5025 1408 5071 un.
1423 5005 1440 5068 f
1438 5053 1921 5074 ..........

460 5195 747 5213 ......
791 5144 923 5211 eeiaitus
937 5148 1002 5212 etc.
1020 5143 1062 5208 de
1078 5145 1123 5209 di.
1139 5145 1304 5227 quarterio
1319 5165 1375 5210 un.
1392 5145 1414 5208 f.
1431 5166 1474 5209 m.
1489 5145 1526 5207 in
1542 5143 1681 5212 enum.

459 5286 546 5352 Item
569 5283 745 5373 [juratores
760 5283 899 5366 predicti
913 5283 1028 5348 dicunt
1042 5283 1129 5366 quod
1145 5281 1251 5364 quoad
1267 5281 1324 5346 ille
1339 5282 1577 5366 quinquaginta
1590 5279 1683 5346 feoda
1697 5277 1858 5366 militum]
1880 5280 1920 5343 de
1959 5313 1963 5323 ·

417 5375 533 5538 gpppp:
548 5391 702 5546 effla?
724 5369 869 5436 militum
893 5369 1041 5454 ejusdem
1064 5370 1242 5434 comitatus
1269 5369 1310 5433 ad
1335 5369 1590 5454 parliamentum
1617 5367 1733 5432 ultime
1755 5365 1915 5456 [tentum]

455 5645 858 5667 ........
882 5593 1061 5659 Greneiord
1090 5593 1156 5658 fuit
1193 5595 1327 5658 saisitus
1356 5598 1419 5658 eto.
1448 5593 1490 5657 de
1521 5593 1615 5658 terris
1644 5596 1679 5657 et
1712 5593 1921 5672 tenementis,

412 5687 593 5756 redditibus
607 5687 708 5752 ciceia
723 5688 759 5747 et
773 5682 956 5749 redditibus
979 5677 1145 5769 [onerum]
1175 5729 1679 5750 ..........
1717 5680 1794 5764 via.
1809 5677 1920 5764 viiie.

450 5826 616 5893 Johannes
631 5821 762 5888 Bakare
777 5819 844 5885 tuit
858 5820 992 5884 seisitna
1006 5824 1068 5885 etc.
1083 5819 1127 5884 de
1141 5821 1240 5885 certia
1255 5820 1350 5884 terrie
1364 5825 1399 5884 et
1414 5819 1613 5889 tenementis
1631 5862 1919 5882 ......

411 5916 558 5997 predicto,
574 5934 645 5999 qne
662 5909 776 5976 valent
790 5929 848 5994 per
863 5927 989 5972 annum
1005 5907 1091 5972 ultra
1107 5909 1259 5991 reprisas,
1272 5909 1345 5974 ali.
