5000 7050
520 1121 583 1186 514
1159 1116 1381 1186 NORFOLK.

485 1479 488 1484 ,
564 1410 708 1474 Heredes
737 1409 917 1478 Clementia
945 1411 986 1474 de
1015 1409 1201 1473 Plumstede
1229 1412 1344 1472 tenent
1371 1408 1408 1470 in
1438 1406 1578 1474 Rurvrorv
1602 1408 1637 1470 et
1660 1405 1792 1470 Bresvorv
1807 1411 1866 1465 ιω
1892 1404 2017 1488 partem

519 1497 544 1582 j.
561 1498 584 1562 i.
602 1518 645 1561 m.
661 1498 703 1560 ds
717 1496 890 1561 heredibus
904 1497 1033 1560 comitia
1047 1496 1237 1575 Norffolkie,
1253 1501 1285 1559 et
1301 1496 1383 1559 dicei
1399 1496 1532 1559 heredes
1550 1494 1592 1556 de
1617 1511 1703 1576 rege,
1728 1511 1826 1574 quam
1852 1489 2018 1554 Johannes

521 1584 561 1647 de
576 1584 756 1648 Norffolkie
771 1590 807 1648 et
822 1583 915 1648 Oliva
930 1605 1009 1647 uxor
1023 1583 1093 1668 ejus
1108 1584 1273 1668 quondam
1288 1587 1465 1646 tenuerunt
1518 1621 1532 1632 -
1622 1619 1633 1631 ·
1722 1619 1733 1630 -
1822 1619 1835 1630 -
1923 1576 2017 1662 iiij.s.

564 1744 657 1808 Prior
670 1745 712 1808 de
727 1744 848 1810 Beston
863 1750 955 1810 tenet
970 1747 1006 1808 in
1021 1746 1155 1811 Basrorv
1169 1750 1201 1809 et
1218 1746 1358 1810 Rurvrou
1374 1743 1419 1810 di.
1436 1744 1459 1810 f.
1478 1764 1520 1806 m.
1537 1747 1570 1806 et
1586 1742 1736 1826 quintam
1751 1746 1878 1824 partem
1888 1740 1916 1822 j.
1930 1738 1954 1804 f.
1971 1759 2016 1804 m.

519 1832 561 1896 de
574 1829 746 1897 heredibus
760 1833 891 1898 comitis
904 1832 1094 1913 Norffolkie,
1110 1839 1142 1897 et
1159 1831 1474 1909 elemosinantur‚.et
1490 1829 1621 1894 heredes
1635 1829 1717 1893 dieti
1732 1829 1863 1894 comitis
1877 1827 1918 1891 de
1932 1846 2017 1910 rege,

521 1919 608 1983 unde
622 1921 741 2002 quinta
754 1926 877 2004 persei
891 1922 1019 1984 decima
1033 1941 1106 2004 pars
1122 1920 1378 1991 elemosinentur
1470 1959 1480 1969 -
1571 1957 1582 1968 -
1672 1956 1683 1968 -
1773 1956 1784 1967 -
1872 1913 1970 1999 xxviij
1975 1935 2017 1979 .e.

564 2081 757 2146 Edmundus
771 2083 811 2146 de
827 2082 940 2147 Ufford
955 2088 1049 2147 benet
1071 2067 1253 2147 manerium
1280 2082 1320 2147 de
1344 2082 1528 2147 Roueuvou
1552 2079 1592 2143 de
1615 2078 1789 2143 heredibus
1812 2077 1931 2162 Rogeri
1958 2076 2017 2138 filii

521 2168 649 2233 Osbsrti
678 2191 736 2254 per
766 2171 937 2234 servicium
966 2175 1079 2234 oetave
1115 2171 1231 2255 pertis,
1259 2173 1294 2234 et
1330 2170 1413 2233 dieti
1449 2166 1584 2231 heredes
1612 2166 1653 2230 de
1683 2165 1852 2230 heredibus
1888 2165 2017 2228 comitis

520 2256 707 2337 Norffolkie,
723 2264 758 2322 ei
773 2278 880 2322 eomes
894 2259 935 2322 de
949 2278 1038 2343 rege,
1052 2258 1139 2341 quod
1156 2257 1340 2320 Willelmus
1355 2256 1395 2320 de
1408 2255 1549 2339 Valeyns
1564 2254 1726 2337 quondam
1742 2254 1855 2317 tenuit
1952 2272 2014 2316 ve.

564 2417 705 2483 Thomas
730 2419 883 2504 Latymer
906 2425 997 2484 benet
1021 2420 1055 2482 in
1071 2420 1212 2484 Mamers
1227 2419 1273 2484 di.
1290 2419 1313 2484 f.
1331 2439 1375 2483 m.
1392 2418 1432 2482 de
1446 2416 1618 2481 heredibus
1632 2417 1761 2480 comitis
1777 2415 1968 2491 Maresealli,
1985 2419 2016 2477 et

520 2507 652 2570 heredes
666 2507 708 2570 de
723 2527 810 2592 rege,
824 2509 911 2591 quod
925 2506 1129 2571 Johannade
1144 2505 1257 2570 Bovile
1272 2507 1435 2591 quondam
1452 2507 1560 2569 tenuit
1630 2545 1641 2555 -
1731 2545 1742 2555 -
1833 2543 1843 2553 -
1933 2523 2016 2565 xxm.

565 2669 722 2734 Ricardus
736 2669 832 2754 Playe
846 2675 938 2735 tenet
952 2671 988 2733 in
1003 2671 1160 2736 Kumors
1171 2669 1200 2753 j.
1216 2669 1240 2736 f.
1258 2690 1303 2736 m.
1320 2669 1361 2734 de
1377 2671 1496 2734 eomite
1510 2668 1694 2747 Warennie,
1708 2671 1743 2732 eb
1755 2685 1862 2730 eomes
1878 2665 1919 2730 de
1933 2684 2018 2749 rege,

519 2757 605 2840 quod
620 2755 771 2820 Johanna
786 2759 826 2820 de
840 2756 936 2842 Plays
951 2757 1112 2840 quondam
1127 2757 1239 2821 tenuit
1336 2794 1853 2808 ------
1942 2754 2017 2818 xhe.

565 2917 727 3004 Marjeria,
751 2940 815 3002 que
838 2920 901 2982 fuit
928 2939 1008 2982 uxor
1029 2917 1178 2982 Nieholai
1204 2920 1245 2983 de
1270 2919 1303 2983 la
1326 2917 1446 3000 Beche,
1463 2921 1555 2983 tenet
1579 2919 1614 2980 in
1632 2917 1814 2985 Geussm
1829 2915 1865 3002 ij.
1881 2916 1903 2980 f.
1917 2936 1962 2979 m.
1978 2914 2019 2978 de

521 3007 640 3070 comite
655 3005 839 3086 waremie,
855 3011 891 3070 et
904 3027 1010 3070 eomes
1025 3007 1067 3069 de
1092 3026 1177 3090 rege,
1203 3027 1265 3091 que
1289 3006 1449 3071 Robertus
1472 3005 1512 3069 de
1537 3003 1695 3069 stotevile
1720 3002 1884 3090 quondam
1911 3003 2020 3067 tenuit

523 3097 568 3172 (et
582 3112 718 3175 proquo
733 3093 842 3156 dietus
857 3094 1019 3159 Robsrtus
1034 3091 1191 3157 stotevile
1206 3098 1358 3158 oneratus
1373 3094 1438 3156 fuit
1453 3094 1494 3157 de
1509 3092 1629 3156 relevio
1644 3112 1702 3156 suo
1716 3095 1757 3155 de
1772 3091 1819 3156 di.
1835 3089 1859 3156 f.
1876 3097 2019 3172 bempore

520 3182 608 3263 regis
621 3180 770 3242 Edvardi
784 3180 845 3243 filii
860 3182 945 3264 regis
961 3180 1106 3259 Henrici)

566 3340 751 3408 Willelmus
777 3341 918 3425 Peyvere
940 3346 1033 3407 tenet
1046 3344 1226 3407 manerium
1241 3343 1283 3406 de
1300 3343 1414 3408 Tuom>
1429 3343 1568 3408 Mrem
1585 3362 1642 3424 per
1657 3341 1825 3405 servicium
1837 3339 1863 3424 j.
1881 3339 1904 3405 f.
1922 3360 1965 3405 m.
1980 3338 2019 3401 de

521 3428 691 3492 heredibus
706 3429 865 3496 Willelmi
880 3430 920 3493 de
937 3429 1011 3513 Say,
1027 3436 1061 3495 ei
1075 3431 1177 3494 iidem
1201 3429 1338 3493 heredes
1363 3429 1404 3493 de
1429 3431 1548 3493 oomite
1574 3429 1761 3508 Warennie,
1786 3433 1821 3492 et
1847 3447 1953 3490 eomes
1979 3426 2019 3488 de

521 3536 606 3600 rege,
621 3515 707 3599 quod
721 3515 887 3581 Johanues
903 3516 990 3582 filius
1005 3517 1166 3587 Wiilsimi
1181 3518 1333 3602 Peyvvere
1348 3517 1511 3602 quondam
1528 3519 1635 3581 tenuit
1740 3557 1751 3568 ·
1782 3549 1787 3560 ·
1840 3556 1851 3567 -
1941 3513 2017 3578 xl.e.

565 3678 730 3743 Johannee
758 3680 799 3743 de
829 3680 963 3744 Gunton
994 3687 1086 3745 tenet
1114 3681 1159 3747 di.
1190 3682 1214 3745 f.
1242 3702 1288 3748 m.
1318 3682 1356 3743 in
1385 3680 1526 3749 Guarorv
1562 3680 1602 3743 de
1632 3680 1781 3764 episeopo
1809 3677 1958 3756 Nervici,
1986 3679 2020 3739 et

522 3787 700 3917 {gangras}
716 3768 757 3906 de
781 3786 869 3906 rere,
894 3768 980 3907 quod
1006 3768 1170 3907 Johanoea
1195 3769 1237 3906 de
1260 3767 1466 3907 Methelwoid
1483 3773 1516 3833 et
1530 3767 1706 3906 hldvardus
1723 3766 1846 3905 idumei
1857 3765 2020 3917 quonxdargs

568 4016 664 4080 Idem
679 4016 843 4081 Johennes
858 4023 893 4081 ei
909 4016 1073 4082 Johannes
1088 4018 1128 4082 de
1144 4018 1290 4081 Norvvioo
1305 4023 1421 4082 tenent
1445 4020 1480 4081 in
1504 4018 1617 4081 eadem
1643 4017 1688 4081 di.
1706 4017 1730 4081 f.
1746 4036 1790 4081 m.
1806 4015 1848 4079 de
1874 4016 2020 4098 episeopo

523 4103 911 4255 tl‘kigruvgr'rouisstet·episc-epus
926 4106 966 4243 de
981 4125 1067 4243 reg-e,
1083 4105 1169 4243 quod
1184 4105 1351 4244 Johannea
1365 4106 1406 4170 de
1420 4105 1648 4244 hietheivolde
1663 4109 1698 4168 et
1711 4103 1888 4242 Edwardus
1902 4102 2022 4255 Bffil

568 4352 726 4417 Robertus
740 4353 779 4415 de
793 4352 975 4437 Eggemere
991 4358 1082 4417 tenet
1097 4354 1131 4416 in
1151 4353 1343 4421 Scarruomv
1359 4338 1508 4437 quatiam
1524 4356 1650 4438 partem
1660 4353 1688 4438 j.
1704 4352 1727 4418 f.
1744 4371 1788 4419 m.
1812 4353 1852 4415 de
1875 4351 2021 4415 Johenne

525 4437 644 4516 herbe,
668 4444 703 4502 et
726 4440 813 4501 idem
839 4439 880 4503 de
906 4441 1058 4524 episeopo
1084 4441 1234 4519 Norvviei,
1261 4448 1295 4505 et
1319 4444 1486 4526 episeopus
1509 4442 1549 4505 de
1574 4461 1660 4525 rege,
1675 4460 1773 4525 quam
1797 4440 1958 4504 Robertus
1981 4438 2021 4501 de

524 4525 704 4610 Eggemere
717 4526 882 4609 quondam
897 4528 1008 4590 tenuit
1046 4567 1869 4580 ---------
1957 4548 1986 4591 x.
1994 4548 2020 4590 e.

568 4688 712 4771 Rogerus
736 4688 778 4752 de
803 4688 950 4753 Bekham
975 4694 1012 4753 et
1034 4691 1122 4774 prior
1146 4692 1188 4755 de
1202 4690 1345 4759 Waburn
1372 4696 1488 4755 benenb
1511 4692 1546 4754 in
1568 4691 1713 4757 Bam
1733 4694 1881 4753 octavam
1896 4694 2021 4773 pariem

523 4775 548 4859 j.
576 4774 600 4839 f.
625 4794 670 4839 m.
698 4776 739 4840 de
768 4776 884 4841 herede
912 4776 1036 4841 Thome
1059 4779 1099 4842 de
1124 4777 1258 4857 Best0n‚
1282 4784 1317 4842 et
1345 4778 1434 4843 idem
1458 4777 1549 4843 heres
1575 4777 1613 4843 de
1637 4780 1788 4861 episeopo
1813 4776 1963 4854 Nemini,
1988 4784 2023 4840 et

523 4862 699 5013 iddhedrhhh
717 4862 758 5000 de
781 4884 865 5002 rege,
889 4885 987 5003 quam
1012 4867 1158 5004 Rogerus
1181 4866 1222 4929 de
1247 4864 1395 5005 iiekham
1420 4866 1626 5005 et.Ri⁰⁸fdu⁸
1640 4866 1681 5005 de
1697 4864 1842 5003 Belrham
1857 4865 2020 5015 uuondvargr

568 5110 681 5176 Simon
706 5112 746 5177 de
771 5112 925 5199 Felbrigg
950 5120 1042 5179 tenet
1064 5117 1100 5179 in
1125 5116 1300 5182 Faaamao
1326 5119 1473 5180 octavam
1499 5119 1623 5200 partem
1646 5116 1671 5201 J'.
1694 5114 1718 5181 f.
1745 5133 1790 5181 m.
1816 5115 1856 5178 de
1883 5114 2023 5197 Hugone

524 5197 748 5283 Burgulyoun,
763 5207 798 5263 et
811 5199 900 5265 idem
913 5203 954 5265 de
969 5203 1118 5286 episeopo
1133 5203 1283 5281 Norvioi,
1309 5210 1346 5275 st.
1368 5204 1537 5287 episeopus
1563 5204 1604 5265 de
1626 5222 1711 5285 rege,
1736 5222 1835 5289 quam
1860 5202 2022 5268 Johannee

524 5287 614 5351 Reed
628 5288 791 5370 quondam
806 5289 917 5352 tenuit
945 5328 1867 5342 ----------
1956 5309 2020 5353 v.a.

566 5464 726 5530 Robertua
750 5466 792 5530 de
818 5465 967 5550 Malteby
990 5469 1142 5532 teretia
1166 5468 1347 5536 Meremsa
1375 5469 1585 5533 medietatem
1616 5468 1641 5554 j.
1665 5468 1688 5532 i.
1712 5488 1757 5532 m.
1788 5466 1828 5531 de
1858 5469 2023 5531 comitissa

523 5553 563 5617 de
577 5552 755 5635 Penebrok,
770 5558 805 5617 eb
819 5554 934 5617 eadem
949 5554 990 5619 de
1004 5575 1091 5639 rege,
1105 5575 1204 5641 quarn
1219 5556 1325 5619 Aiioia
1339 5556 1381 5621 de
1397 5555 1545 5641 Malteby
1559 5556 1724 5639 quondam
1739 5554 1850 5619 tenuit
1936 5576 2020 5620 rme.

565 5726 725 5791 Bobsrtas
740 5727 782 5790 de
796 5727 979 5813 Weylound
1002 5734 1093 5794 tenet
1116 5732 1152 5794 in
1177 5731 1350 5799 Smenos
1364 5733 1501 5797 terciam
1515 5736 1643 5816 partem
1654 5732 1681 5817 j.
1697 5730 1722 5793 f.
1737 5750 1783 5795 m.
1800 5730 1840 5794 de
1854 5729 2023 5793 heredibus

521 5812 673 5897 Hugonia
687 5813 728 5878 de
742 5813 974 5899 Dodyngselea,
992 5822 1026 5880 et
1040 5817 1123 5882 dieii
1135 5816 1269 5882 heredes
1283 5820 1325 5883 de
1348 5840 1430 5905 rege,
1454 5839 1553 5915 quam
1576 5818 1755 5883 Nioholaus
1776 5816 1816 5881 de
1839 5816 2022 5901 Weylound

522 5900 685 5986 quondam
701 5902 811 5965 tenuit
888 5941 1710 5964 ·········
1798 5904 1902 5991 xiijs.
1918 5902 2021 5989 iiijd.
