5000 7050
560 1051 623 1116 246
1157 1105 1166 1123 .
1211 1054 1418 1122 LINCOLN.

560 1425 582 1489 d
603 1338 746 1441 Heredes
760 1339 894 1442 querti
909 1341 949 1404 de
970 1341 1080 1427 Lawly
1092 1344 1210 1407 tenent
1223 1343 1260 1408 in
1277 1342 1526 1409 Mrnnnsnnoan
1541 1345 1575 1405 et
1592 1342 1837 1408 Tunnnnnnoas
1852 1360 1907 1404 un.
1922 1339 1946 1406 f.
1963 1360 2007 1403 m.
2023 1339 2065 1402 de

582 1446 693 1489 omrno
708 1447 785 1513 rege
799 1449 853 1495 ac.

601 1564 677 1628 Dux
700 1565 889 1630 Lanoastrie
912 1570 1003 1630 tenet
1028 1568 1064 1629 in
1087 1567 1210 1632 Tonmn
1226 1572 1261 1631 et
1285 1567 1412 1634 Sarnus
1429 1588 1483 1633 un.
1500 1568 1523 1632 f.
1540 1588 1584 1632 m.
1602 1572 1636 1631 et
1651 1566 1696 1631 di.
1714 1565 1753 1629 de
1768 1565 1903 1629 domino
1919 1585 1991 1648 rege
2006 1564 2061 1629 i.c.

559 1671 624 1736 que
640 1653 804 1736 quondam
819 1653 953 1718 fuerunt
965 1655 1001 1716 in
1016 1659 1131 1718 tenura
1146 1657 1277 1718 comitis
1294 1655 1427 1721 Castris.

604 1789 763 1855 Dominus
786 1792 827 1855 de
850 1791 955 1856 Welle
982 1796 1073 1856 tenet
1098 1792 1133 1855 in
1150 1793 1417 1874 Ounsnawosnn,
1439 1794 1697 1869 Hoecnsnmnn,
1712 1797 1746 1855 et
1762 1793 1923 1857 Arcanos
1942 1788 1970 1872 j.
1987 1789 2010 1853 f.
2028 1793 2062 1852 et

559 1883 710 1961 quartam
725 1885 851 1961 partem
865 1900 922 1944 nn.
940 1879 963 1945 f.
980 1880 1020 1943 de
1036 1879 1169 1943 domino
1183 1901 1263 1966 rege
1278 1884 1333 1947 i.c.

559 2119 617 2165 nn.
632 2100 656 2165 f.
672 2121 717 2164 m.
735 2100 775 2163 de
790 2101 922 2164 domino
937 2121 1015 2184 rege
1030 2103 1083 2166 ic.

602 2237 696 2300 Prior
710 2237 895 2320 Hospitalis
910 2237 1021 2302 Sancti
1037 2237 1058 2302 J
1059 2238 1195 2302 ohannis
1210 2245 1304 2304 tenet
1317 2242 1353 2304 in
1369 2239 1574 2308 Gannnwann
1589 2238 1691 2324 ffijam
1705 2242 1831 2324 partem
1846 2259 1901 2305 un.
1918 2238 1942 2304 f.
1958 2257 2003 2304 m.
2019 2236 2061 2300 de

558 2326 692 2390 dominc
706 2345 781 2410 rege
795 2326 849 2390 i.c.
865 2325 901 2388 in
915 2346 1031 2408 puram
1046 2332 1080 2390 et
1096 2332 1288 2411 perpetuam
1303 2327 1526 2393 elemosinam.

602 2464 762 2529 Dominus
777 2462 864 2547 Gray
879 2463 920 2527 de
935 2462 1108 2528 Schirlond
1123 2470 1214 2530 tenet
1229 2468 1264 2529 in
1280 2466 1470 2533 Hnurnonr
1485 2466 1530 2530 di.
1547 2467 1570 2530 t.
1586 2486 1631 2532 m.
1647 2463 1688 2528 de
1703 2464 1835 2528 domino
1849 2483 1925 2547 rege
1940 2464 1993 2529 i.c.

604 2599 746 2664 Domina
760 2600 802 2664 de
817 2599 992 2685 Scryvelby
1006 2605 1098 2664 tenet
1111 2603 1147 2665 in
1165 2602 1356 2670 Scarvnnnn
1371 2623 1445 2667 cum
1461 2601 1615 2666 membris
1629 2601 1669 2664 de
1684 2601 1816 2664 domino
1839 2620 1915 2685 rege
1936 2600 1987 2665 i.o.
2005 2619 2064 2682 per

557 2708 711 2772 magnam
737 2687 934 2772 serjantiam‚
958 2687 1108 2753 videlicet
1133 2691 1220 2774 quod
1243 2692 1513 2774 quandocumque
1538 2689 1656 2772 aliquis
1682 2689 1833 2752 dominus
1856 2708 1912 2752 rex
1940 2686 2060 2772 Anglie

556 2776 701 2838 coronari
715 2774 814 2838 debet
830 2775 981 2839 dominns
996 2780 1132 2840 manerii
1147 2778 1188 2840 de
1216 2777 1388 2862 Soryvelby
1404 2779 1461 2860 qui
1485 2797 1543 2860 pro
1569 2784 1716 2860 tempore
1741 2775 1840 2839 fuerit
1864 2774 1917 2838 vel
1943 2774 2062 2856 aliquis

557 2861 648 2926 illius
670 2863 804 2926 nomine
830 2863 858 2925 si
880 2883 957 2927 casu
982 2863 1135 2928 dominus
1156 2867 1319 2948 impotens
1344 2866 1445 2928 fuerit
1460 2867 1568 2928 veniet
1593 2864 1675 2927 bene
1690 2867 1833 2927 armatus
1849 2883 1944 2946 super
1958 2881 2061 2924 unum

558 2949 681 3014 bonum
696 2950 890 3013 destrarium
904 2952 939 3013 in
955 2953 1155 3034 presenciam
1169 2953 1252 3015 dicti
1266 2953 1391 3016 domini
1406 2953 1494 3036 regis
1511 2952 1564 3014 die
1581 2951 1797 3015 coronacionis
1812 2970 1868 3013 sue
1882 2954 1916 3013 et
1939 2949 2062 3013 ibidem

557 3037 848 3121 proclamacionem
859 3036 958 3101 faciet
966 3037 1052 3120 quod
1063 3039 1092 3101 si
1104 3040 1223 3122 aliquis
1240 3087 1472 3106 .....
1488 3039 1575 3123 quod
1585 3040 1736 3102 dominus
1748 3057 1802 3102 rex
1813 3058 1879 3102 non
1895 3035 1995 3100 habet
2005 3034 2062 3120 jus

559 3124 601 3187 ad
615 3144 752 3208 regnum
768 3144 863 3188 suum
879 3125 931 3188 vel
956 3125 997 3187 ad
1020 3146 1172 3189 coronam
1197 3147 1289 3190 suam
1315 3126 1495 3210 predictam
1520 3131 1689 3210 promptus
1714 3127 1777 3190 erit
1802 3131 1837 3189 et
1862 3129 1994 3209 paratus
2020 3122 2062 3186 ad

558 3210 795 3276 defendendum
818 3211 874 3295 jus
898 3212 981 3276 dicti
1007 3213 1133 3278 domini
1155 3216 1241 3299 regis
1262 3219 1298 3278 et
1319 3215 1411 3298 regni
1438 3216 1489 3278 sui
1514 3219 1549 3278 et
1574 3215 1771 3297 dignitatem
1793 3231 1906 3277 corone
1933 3231 1990 3275 sue
2005 3231 2062 3294 per

557 3319 674 3384 corpus
689 3319 787 3363 sunm
801 3318 911 3363 versus
924 3301 1034 3384 ipsum
1048 3302 1101 3365 vel
1114 3302 1194 3365 alios
1207 3322 1436 3386 quoscumque.

601 3435 748 3500 Heredes
763 3434 910 3521 Philippi
925 3435 1088 3502 Marmion
1102 3443 1192 3502 tenet
1206 3439 1242 3501 in
1261 3437 1372 3507 Souna
1388 3438 1545 3505 Laneion
1561 3436 1606 3501 di.
1619 3434 1643 3502 f.
1655 3457 1699 3501 m.
1712 3436 1752 3499 de
1767 3435 1899 3497 domino
1913 3454 1992 3519 rege
2007 3433 2062 3500 io.

558 3664 579 3727 d
599 3574 766 3678 Jolrannes
788 3575 910 3678 i'aynel
931 3580 1023 3640 tenet
1046 3578 1081 3639 in
1097 3577 1267 3657 Horonon,
1286 3578 1469 3657 Sonnnarr,
1485 3581 1520 3641 et
1534 3576 1603 3643 Ean
1618 3576 1828 3641 Bannwonun
1844 3593 1900 3637 un.
1915 3573 1939 3639 f.
1957 3593 2001 3637 m.
2018 3573 2062 3635 de

581 3683 691 3727 ommo
705 3685 780 3749 rege
795 3684 850 3728 r.c.

600 3792 789 3897 Capitulum
815 3793 986 3860 Lincolnie
1010 3798 1103 3859 tenet
1125 3796 1162 3859 in
1186 3796 1407 3865 Wonruonan
1433 3804 1492 3858 x·m
1511 3796 1639 3877 partem
1665 3812 1722 3858 un.
1744 3792 1768 3857 f.
1791 3813 1836 3856 m.
1865 3791 1905 3855 de
1929 3791 2060 3854 domino

556 3902 634 3968 rege
649 3902 704 3947 nc.

601 4017 742 4082 Thomas
757 4019 797 4083 de
811 4018 844 4082 la
858 4018 970 4083 Warre
986 4023 1078 4084 tenet
1092 4021 1128 4083 in
1143 4018 1270 4089 Oineon
1285 4030 1362 4089 ΠΜ]
1379 4026 1505 4104 partem
1521 4040 1576 4085 un.
1592 4017 1615 4083 f.
1631 4017 1671 4082 de
1685 4018 1817 4082 domino
1832 4034 1907 4101 rege
1922 4017 1976 4082 i.c.

599 4156 784 4221 Willelmus
797 4156 958 4241 Tailboys,
972 4157 1125 4237 chivaler,
1139 4164 1232 4223 tenet
1245 4160 1281 4223 in
1300 4158 1405 4227 Sonos
1420 4157 1464 4223 di.
1481 4156 1504 4223 f.
1518 4177 1562 4221 m.
1580 4154 1620 4220 de
1634 4156 1766 4219 domino
1781 4174 1857 4239 rege
1872 4154 1924 4218 io.

601 4292 715 4360 Comes
730 4293 964 4359 Northumbrie
982 4299 1075 4359 tenet
1089 4295 1126 4360 in
1140 4295 1310 4363 Buawnnn
1325 4318 1381 4363 un.
1398 4294 1420 4362 f.
1437 4316 1481 4362 m.
1496 4294 1538 4360 de
1553 4296 1685 4360 domino
1699 4314 1777 4381 rege
1791 4296 1845 4360 i.c.

600 4434 786 4502 Willelmns
801 4436 841 4499 de
857 4436 994 4522 Bleseby
1009 4442 1100 4501 tenet
1116 4438 1151 4500 in
1167 4437 1402 4506 Osmnsnnonr
1417 4438 1497 4503 duas
1512 4442 1619 4521 partes
1633 4457 1688 4503 un.
1705 4436 1728 4502 f.
1745 4458 1790 4503 m.
1806 4438 1847 4501 de
1861 4456 1937 4523 rege
1952 4438 2006 4503 i.o.

600 4572 742 4676 Thomas
767 4573 965 4640 Mussenden
988 4581 1081 4640 tenet
1106 4577 1141 4639 in
1168 4576 1347 4645 Knnsusau
1371 4581 1520 4661 quartam
1546 4582 1672 4659 partem
1687 4596 1743 4640 un.
1760 4575 1783 4640 f.
1801 4596 1845 4640 m.
1870 4574 1910 4639 de
1925 4574 2058 4638 domino

560 4682 702 4748 regere.

601 4799 747 4885 Rogerus
763 4798 974 4886 Swylyngton
989 4807 1080 4866 tenet
1094 4803 1130 4866 in
1145 4802 1277 4869 mooun
1293 4802 1450 4870 Krannon
1465 4822 1521 4868 un.
1537 4802 1561 4868 f.
1579 4821 1623 4867 m.
1641 4802 1681 4865 dc
1696 4801 1829 4865 domino
1844 4820 1920 4885 rege
1934 4802 1986 4866 io.

600 4937 758 5003 Robertus
774 4939 814 5002 de
829 4939 991 5025 Wylugby
1004 4947 1095 5004 tenet
1108 4942 1148 5004 de
1164 4943 1296 5005 domino
1321 4961 1397 5024 rege
1423 4943 1475 5006 i.o.
1491 4942 1730 5025 quinquaginta
1756 4941 1836 5003 duas
1859 4960 1947 5003 acras
1973 4945 2059 5003 terre

555 5026 684 5091 arabilis
708 5032 743 5089 et
773 5028 818 5093 di.
844 5048 920 5091 cum
949 5029 1161 5111 pertinenciis
1189 5030 1226 5091 in
1255 5028 1515 5108 Msnnnannon1>‚
1553 5028 1634 5091 duas
1664 5028 1790 5112 placeas
1820 5034 1951 5111 pasture
1982 5047 2058 5089 oum

555 5115 766 5199 pertinenciis
791 5116 825 5177 in
854 5115 1102 5181 Hoooasnnoae
1124 5123 1253 5181 vocatas
1279 5117 1347 5182 Lns
1374 5116 1493 5182 Mnnns
1509 5120 1543 5178 et
1566 5115 1688 5201 arvjo.
1706 5115 1852 5179 redditus
1878 5117 1977 5179 assise
2001 5134 2060 5197 per

553 5222 676 5266 annum
699 5210 768 5265 tam
793 5201 968 5266 liberorum
994 5205 1178 5267 tenenoium
1206 5224 1307 5287 quam
1336 5206 1519 5266 nativorum
1544 5224 1602 5287 per
1628 5204 1799 5267 servicium
1825 5202 1935 5287 xiiijm⁰
1955 5201 2057 5286 partis

554 5310 611 5354 un.
637 5287 661 5354 f.
684 5310 728 5353 m.
753 5293 787 5351 et
813 5308 916 5351 unum
942 5292 1144 5374 mesuagium
1167 5311 1242 5354 oum
1269 5289 1371 5354 crolto
1397 5290 1565 5374 adjacente
1589 5296 1624 5354 et
1650 5290 1686 5377 ij.
1712 5290 1843 5354 bovatas
1869 5297 1956 5354 terre
1983 5309 2060 5352 cum

553 5376 761 5461 pertinenciis
774 5378 810 5440 in
826 5374 1046 5443 Gonamoson
1061 5398 1119 5461 per
1133 5379 1301 5441 servicium
1316 5388 1375 5444 x¹³¹⁰
1391 5378 1493 5462 partis
1508 5398 1562 5443 un.
1579 5378 1600 5441 f.
1618 5399 1662 5443 m.

602 5515 689 5578 Item
705 5512 821 5576 dicunt
835 5514 921 5597 quod
936 5516 1040 5597 quoad
1054 5516 1234 5579 evidencias
1249 5516 1290 5579 de
1305 5515 1388 5582 libro
1404 5517 1570 5581 feodorum
1588 5519 1656 5597 (oto.
1673 5538 1709 5583 aa
1725 5517 1853 5599 before).

598 5652 638 5716 ln
652 5650 745 5735 cnjus
760 5649 806 5714 rei
822 5653 1047 5718 testimonium
1060 5661 1125 5722 etc.
