5000 7050
1080 1081 1162 1155 Ab.
1186 1090 1282 1154 1431.
1885 1093 1927 1155 59

417 1362 633 1463 wJohaunes
660 1368 750 1447 Isalr,
778 1371 927 1454 armiger,
954 1371 996 1434 de
1025 1372 1331 1452 Patrilrkesbourue,
1362 1374 1492 1437 seisitus
1523 1373 1590 1436 fuit
1619 1375 1658 1437 de
1695 1373 1797 1458 xij.ta'.
1829 1374 1925 1459 iiij.s.

415 1451 516 1535 ruj.d.
565 1453 660 1517 Item
688 1453 855 1520 Iohannes
880 1456 986 1521 Brolre
1007 1458 1082 1542 jure
1105 1458 1268 1537 Johanne,
1291 1462 1399 1523 uxoris
1425 1482 1491 1539 sue,
1516 1461 1607 1545 titt.
1625 1462 1731 1546 xiiju.
1747 1464 1795 1527 ob.
1842 1463 1926 1526 Item

414 1538 569 1602 Johanne
585 1539 787 1629 Ma[y]bevv
810 1543 850 1607 de
874 1544 1041 1609 Sandvvico
1057 1545 1143 1629 vjvt.
1168 1547 1239 1631 ijs.
1266 1548 1353 1631 ittet.
1401 1548 1489 1611 Item
1515 1548 1656 1612 Thomas
1680 1550 1834 1612 Newman
1853 1550 1928 1632 jure

415 1626 616 1711 Margarete,
627 1631 739 1693 uxoris
754 1652 820 1709 sue,
832 1630 943 1715 lxvje.
957 1633 1065 1715 vilja.
1104 1635 1191 1697 Item
1206 1636 1396 1719 Margareta
1407 1635 1509 1719 Figge
1525 1636 1564 1698 de
1578 1636 1746 1700 Sandwico
1757 1637 1847 1718 lais.
1858 1638 1926 1719 jul.

417 1712 502 1777 Item
519 1714 647 1780 Petrus
663 1717 735 1781 Bek
745 1717 817 1802 jure
832 1720 968 1803 Agnete,
983 1723 1094 1783 uxoris
1110 1741 1179 1798 sue,
1193 1722 1234 1784 de
1251 1721 1403 1800 rotham,
1419 1723 1547 1807 xhrrps.
1565 1723 1648 1807 vj.d.

457 1851 612 1917 Heredes
629 1855 772 1938 predicti
788 1857 945 1921 Willelmi
961 1860 1110 1942 superius
1125 1860 1287 1922 nominati
1304 1859 1436 1924 fuerunt
1451 1861 1556 1923 seisiti
1571 1860 1624 1923 die
1648 1864 1710 1925 eto.
1728 1862 1769 1923 de
1793 1862 1928 1925 diversis

416 1942 509 2003 terris
524 1946 562 2004 et
578 1945 784 2007 tenementis
798 1950 891 2007 extra
905 1946 1086 2027 predictam
1101 1948 1269 2011 civitatem
1282 1948 1471 2014 Oluruaars
1488 1948 1573 2010 iufra
1588 1949 1781 2011 comitatum
1795 1948 1927 2027 Kancie,

415 2028 455 2089 de
470 2048 618 2110 quorum
634 2030 740 2093 valore
755 2033 918 2115 ignorant.

458 2164 609 2231 Thomas
627 2166 786 2231 Coecbere
801 2169 842 2232 de
856 2170 981 2234 Dovorr
996 2172 1128 2235 seisitus
1142 2172 1207 2236 tuit
1222 2173 1276 2237 die
1291 2178 1355 2237 etc.
1373 2173 1412 2236 de
1427 2172 1470 2256 vj.
1481 2174 1514 2237 u.
1532 2178 1566 2236 et
1581 2174 1649 2237 acl.
1666 2173 1929 2255 provenientibus

416 2253 456 2314 de
471 2253 571 2317 firma
586 2255 718 2320 domini
734 2258 822 2341 regis
837 2257 879 2320 de
893 2259 1030 2322 civitate
1044 2280 1103 2322 sua
1119 2259 1319 2337 Caeruleus,
1336 2269 1374 2323 ut
1389 2260 1427 2323 de
1442 2260 1526 2323 dono
1542 2260 1676 2323 Henrici
1692 2262 1799 2343 quarti
1826 2281 1928 2344 nuper

416 2342 502 2424 regis
516 2342 655 2429 Anglie,
672 2344 715 2406 ed
729 2344 912 2408 terminum
926 2347 1006 2411 vite.

459 2478 630 2543 Dominus
651 2481 692 2545 de
717 2480 784 2545 Ros
810 2482 875 2547 luit
890 2484 1021 2548 seisitus
1036 2486 1090 2548 die
1105 2490 1167 2550 etc.
1185 2485 1226 2548 de
1241 2484 1326 2549 sicco
1341 2485 1470 2548 redditu
1486 2486 1519 2547 iu
1537 2486 1723 2551 Carnulum
1738 2487 1779 2549 de
1795 2486 1929 2550 diversis

417 2569 625 2633 tenementis
638 2568 682 2633 ad
697 2569 841 2634 valorem
856 2572 1029 2634 annuatim
1045 2593 1131 2637 ras.
1148 2579 1182 2635 et
1196 2595 1227 2637 x.
1236 2571 1269 2637 d.
1315 2572 1360 2635 Et
1375 2571 1474 2637 habet
1488 2573 1567 2636 alibi
1583 2580 1644 2638 etc.

460 2705 582 2771 Petrus
595 2711 670 2771 atte
686 2704 843 2771 chambre
857 2707 923 2771 fuit
937 2710 1068 2773 seisitus
1083 2709 1137 2773 die
1152 2715 1214 2774 etc.
1227 2710 1268 2773 de
1284 2710 1366 2773 eicco
1382 2710 1514 2774 redditu
1528 2716 1669 2775 exeunte
1685 2711 1726 2774 de
1740 2714 1928 2776 tenemento

420 2794 585 2858 Willelmi
602 2792 757 2860 Chiltoue
772 2798 807 2858 in
824 2796 1022 2863 Cursorem.
1067 2797 1112 2861 Et
1126 2796 1227 2862 habet
1241 2798 1319 2861 alibi
1335 2797 1420 2882 apud
1439 2798 1594 2865 Curnuau
1611 2805 1672 2863 etc.

462 2932 555 2997 Item
580 2934 722 3017 predicti
744 2933 907 3017 juratores
931 2934 1046 2998 dicunt
1069 2936 1155 3017 quod
1181 2955 1294 2998 omnes
1317 2938 1352 2999 et
1366 2934 1493 3020 singule
1508 2956 1642 3018 persone
1658 2940 1728 3000 tam
1742 2935 1815 3000 laici
1832 2958 1927 3020 quam

419 3020 609 3102 spirituales
625 3024 864 3106 prenominate,
881 3023 934 3086 die
950 3028 984 3085 et
1000 3043 1085 3086 anno
1101 3022 1306 3105 supradictis,
1323 3023 1410 3085 ultra
1426 3025 1580 3107 premissa
1595 3044 1651 3107 per
1665 3044 1718 3085 eos
1744 3030 1928 3106 presentata

418 3126 485 3171 non
509 3106 701 3173 habueruut
726 3110 837 3193 aliqua
859 3108 953 3173 feoda
979 3110 1126 3173 militum
1153 3111 1283 3195 Integra
1308 3115 1368 3173 aut
1395 3111 1551 3193 percellas
1580 3111 1758 3185 feodorum,
1777 3114 1927 3190 maneria,

418 3204 534 3273 terras,
547 3202 751 3277 tenementa,
766 3197 932 3260 redditum
947 3198 1068 3261 siccum
1084 3217 1142 3260 seu
1158 3198 1352 3261 honoratum
1374 3199 1410 3259 in
1432 3198 1567 3261 civitate
1591 3198 1739 3282 predicta
1762 3205 1859 3281 prout
1882 3202 1928 3263 eis

419 3286 536 3366 quovis
548 3284 647 3349 modo
663 3291 811 3349 constare
826 3286 958 3369 poterit.
1004 3285 1044 3347 In
1060 3283 1153 3370 cujus
1169 3286 1216 3348 rei
1231 3286 1458 3349 testimouium
1472 3290 1535 3351 ete.

862 3527 1098 3616 [Hanunenuu
1121 3550 1165 3595 nu
1187 3526 1499 3615 WESTHGATE]

359 3678 365 3686 '
466 3668 649 3752 Inquisicio
665 3672 761 3751 capta
774 3669 862 3751 apud
878 3666 1089 3731 Cantuariam
1104 3669 1140 3730 in
1156 3668 1317 3731 comitatu
1334 3666 1459 3730 Kancie
1474 3666 1600 3730 decimo
1614 3667 1667 3729 die
1683 3665 1830 3729 Januarii
1844 3686 1928 3731 anno

420 3759 513 3841 regni
526 3757 614 3841 regis
629 3755 767 3818 Henrici
781 3757 867 3818 sexti
880 3759 953 3839 post
969 3759 1185 3838 conquestum
1199 3755 1320 3839 Anglie
1336 3756 1472 3833 decimo,
1499 3774 1605 3817 coram
1629 3753 1648 3816 J
1651 3751 1777 3816 ohanne
1803 3753 1927 3817 Peccbe

425 3847 494 3920 (etc.
518 3867 555 3908 aa
585 3844 716 3926 before),
743 3863 800 3926 per
828 3848 1070 3906 sacramentum
1099 3841 1259 3906 Johannis
1289 3841 1403 3925 Bedyl,
1433 3841 1592 3904 Johannis
1629 3840 1773 3924 Belsyre,
1805 3841 1928 3905 Thome

422 3930 592 4012 Rylredon‚
609 3928 770 4013 Stephani
792 3929 943 4008 Mathevr,
967 3926 1102 3994 Henrici
1117 3929 1250 4009 Boolde,
1268 3929 1427 3993 Willelmi
1444 3929 1528 4007 Scot,
1546 3929 1679 3992 Ricardi
1693 3927 1807 4011 Aleyn,
1823 3929 1927 3992 Adam

423 4017 571 4101 Gilmyn,
600 4015 726 4080 Tbome
762 4015 922 4102 Bygbam,
953 4018 1075 4081 Thome
1110 4016 1231 4096 Goode,
1263 4015 1387 4080 Thome
1424 4017 1545 4094 Irland,
1576 4021 1610 4078 et
1639 4015 1763 4078 Thome
1797 4015 1928 4100 Eymer,

418 4105 607 4188 juratorum
635 4104 677 4168 de
705 4102 872 4169 hundredo
900 4106 948 4177 de
972 4103 1173 4190 Westhgate,
1204 4105 1261 4189 qui
1291 4104 1406 4168 dicunt
1437 4123 1535 4187 super
1564 4107 1802 4167 sacramentum
1833 4123 1927 4167 sunm

423 4193 579 4276 quod:-

466 4333 589 4398 Petrus
618 4335 687 4396 atto
712 4332 819 4412 Helle,
844 4333 885 4396 de
911 4332 1034 4411 Herae,
1061 4333 1098 4396 in
1126 4331 1239 4396 eodem
1266 4332 1434 4408 comitatu,
1462 4331 1612 4416 armiger,
1640 4330 1704 4393 fuit
1731 4329 1860 4394 seisitus
1875 4330 1929 4393 die

424 4420 564 4485 Veneris
589 4422 735 4504 proximo
760 4427 837 4484 ante
860 4421 981 4484 festum
1008 4421 1119 4484 Sancti
1146 4419 1279 4482 Hillarii
1306 4420 1463 4482 ultimum
1486 4420 1693 4502 preteritum,
1719 4423 1757 4479 ut
1773 4417 1930 4480 delibero

423 4514 618 4573 tenemento
630 4527 700 4584 suo,
709 4507 749 4570 de
760 4508 907 4571 manerio
921 4508 962 4571 de
979 4508 1155 4574 Taururov
1171 4527 1245 4570 oum
1261 4507 1328 4570 suis
1343 4507 1555 4590 pertinenciis
1571 4507 1606 4568 in
1622 4506 1737 4568 eodem
1752 4502 1930 4584 hundredo,

423 4598 513 4682 quod
527 4597 659 4680 quidem
673 4596 855 4658 manerium
869 4598 1000 4659 tenetur
1015 4617 1070 4678 per
1084 4596 1256 4658 servicium
1271 4614 1328 4659 un.
1345 4594 1368 4659 f.
1385 4615 1428 4658 m.
1446 4595 1579 4676 integri.

468 4735 570 4812 Item,
586 4733 755 4796 Galfridus
770 4733 931 4809 Lavther,
945 4733 986 4797 de
1000 4731 1150 4817 parochia
1165 4732 1277 4797 Sancti
1292 4731 1428 4794 Martini
1445 4731 1536 4814 juxta
1552 4728 1759 4794 Cantuariam
1773 4729 1928 4812 predicta,

425 4822 492 4887 luit
519 4823 649 4885 seisitus
674 4820 820 4903 predicto
842 4819 895 4883 die
921 4820 1054 4884 Veneris
1079 4820 1120 4884 de
1145 4822 1245 4884 certis
1274 4820 1370 4884 terris
1400 4840 1476 4882 cum
1507 4820 1574 4882 suis
1604 4819 1814 4901 pertinenciis
1842 4818 1928 4901 apud

421 4910 485 5080 jhuf
504 4910 687 5082 bIYiKIt’eguri
712 4908 752 4972 de
774 4907 878 4971 libero
904 4912 1095 4972 tenemento
1121 4929 1189 4985 suo,
1215 4928 1295 4992 quae
1321 4911 1415 4972 tenet
1437 4928 1496 4990 per
1523 4907 1697 4970 servicium
1717 4904 1746 4988 j.
1775 4905 1929 4989 quarterii

471 5137 568 5215 Item,
593 5134 752 5198 Ricardus
773 5133 970 5212 Walkstete,
994 5134 1034 5198 de
1049 5134 1140 5213 Hev,
1156 5135 1191 5197 iu
1208 5123 1368 5197 comitatu
1384 5133 1519 5212 Omnis,
1534 5134 1638 5212 miles,
1655 5133 1720 5195 fuit
1735 5131 1875 5210 seisitus,
1892 5137 1930 5194 ut

310 5221 315 5228 ’
427 5224 584 5288 delibero
598 5228 790 5288 tenemento
805 5243 872 5301 suo,
888 5223 929 5286 de
939 5222 1014 5306 jure
1029 5222 1189 5298 Elizabet,
1203 5223 1312 5285 uxoris
1327 5242 1394 5301 sue,
1411 5222 1451 5286 de
1467 5222 1612 5285 manerio
1627 5222 1668 5284 de
1688 5220 1830 5284 Mauros
1854 5237 1929 5283 cum

427 5314 493 5376 suis
508 5311 722 5396 pertinenciis
735 5311 771 5373 in
786 5310 955 5374 hundredo
970 5309 1124 5392 predicte,
1140 5309 1226 5391 quod
1242 5309 1375 5392 quidem
1389 5310 1570 5373 manerium
1585 5309 1657 5393 ipsa
1671 5307 1816 5370 Elizabet
1838 5313 1928 5371 tenet

428 5401 468 5464 ad
482 5401 660 5464 terminum
675 5397 741 5461 vite
756 5417 825 5475 sue,
840 5401 875 5461 et
889 5403 982 5462 tenet
996 5417 1053 5481 per
1068 5398 1238 5460 servicium
1255 5418 1310 5462 uu.
1327 5398 1351 5461 f.
1369 5418 1412 5463 m.
1428 5397 1559 5478 integri.

471 5539 557 5604 Item
572 5538 700 5614 dicunt,
710 5535 816 5618 quoad
831 5535 1070 5619 quinquaginta
1084 5532 1177 5596 feoda
1190 5535 1345 5612 militum,
1363 5554 1419 5597 seu
1434 5534 1591 5616 percellas
1606 5532 1774 5596 feodorum
1786 5531 1929 5594 militum

429 5626 640 5714 integrorum,
669 5625 710 5688 de
737 5623 856 5706 quibus
881 5642 1019 5705 expensa
1043 5621 1189 5684 militum
1214 5623 1391 5685 comitatus
1418 5621 1541 5685 Kancie
1564 5619 1703 5704 predicti
1717 5619 1758 5682 ad
1774 5618 1929 5681 ultimum

429 5715 681 5798 parliamentum
695 5711 882 5790 electorum,
897 5716 937 5773 ut
951 5711 987 5772 in
1013 5709 1168 5792 predictis
1193 5709 1312 5772 litteris
1336 5710 1524 5792 patentibus
1549 5709 1738 5785 declaratur,
1765 5726 1930 5791 emergere

427 5803 588 5884 deberent,
612 5821 683 5865 non
709 5805 788 5865 sunt
811 5799 895 5862 talia
917 5797 1081 5864 solomodo
1103 5796 1149 5860 eic
1163 5802 1300 5860 onerata
1314 5797 1348 5860 iu
1366 5797 1479 5860 eodem
1494 5795 1673 5873 hundredo,
1689 5793 1774 5858 uude
1789 5794 1930 5876 aliquam

423 5894 577 5958 noticiam
593 5888 729 5956 habent.
