5000 7050
528 1053 590 1118 166
1177 1053 1383 1121 LINCOLN.

556 1344 617 1408 ·De
642 1344 796 1430 Philippo
818 1345 860 1409 de
887 1346 994 1431 Melay
1016 1350 1049 1409 et
1072 1346 1146 1409 eliis
1171 1347 1360 1410 tenentibus
1374 1346 1425 1431 iij.
1442 1350 1552 1429 perles
1566 1346 1591 1431 j.
1608 1344 1633 1410 f.
1649 1346 1684 1409 in
1700 1345 1929 1421 Honsmcuou,
1946 1362 2026 1426 ques

525 1430 614 1495 idem
630 1431 804 1517 Philippus
817 1432 980 1519 quondum
994 1435 1113 1499 tenuit.

570 1568 619 1632 De
634 1570 803 1635 Rculeudo
816 1571 857 1634 de
873 1571 968 1635 Arsik
983 1577 1118 1636 tenente
1132 1572 1177 1658 vj.
1193 1574 1320 1656 perlem
1335 1572 1360 1657 1“.
1376 1570 1401 1636 f.
1417 1572 1453 1633 in
1468 1571 1706 1649 Foumssowc
1728 1591 1827 1655 quem
1844 1567 2026 1632 Alexander

526 1656 567 1719 de
583 1656 679 1721 Arsik
693 1658 857 1741 quondum
871 1660 992 1724 tenuit.

569 1795 619 1858 De
633 1796 749 1860 abbate
764 1797 805 1861 de
820 1796 923 1862 Percu
938 1798 1030 1861 Lude
1044 1803 1179 1863 tenente
1193 1801 1281 1886 xij⁸¹²¹
1302 1804 1428 1882 perlem
1443 1796 1468 1864 f.
1482 1799 1634 1881 predicti.

569 1933 617 1998 De
628 1934 793 1998 Willelmo
802 1935 842 1999 de
857 1936 1092 2021 Feucunberge
1107 1941 1242 2002 lenense
1256 1938 1282 2025 j.
1295 1937 1319 2004 f.
1331 1943 1365 2001 el
1379 1943 1471 2023 ιιι]ΙῐΙι
1487 1942 1613 2021 partem
1627 1936 1651 2022 1”.
1665 1937 1688 2001 f.
1701 1936 1735 1998 in
1747 1935 1926 2013 anuuu,
1939 1929 2026 2016 quod

524 2019 642 2085 Petrus
654 2022 695 2085 de
711 2023 942 2109 Faucuuberge
956 2024 1120 2109 quondum
1135 2027 1256 2091 lenuit.

1069 2324 1184 2391 Pecus
1206 2346 1250 2391 nu
1273 2324 1488 2392 CLYN'I'ON.

569 2482 618 2550 De
641 2484 778 2549 Ricerdo
802 2485 841 2550 de
867 2485 1048 2551 Barkesbon
1074 2490 1209 2552 tenente
1230 2508 1305 2553 xxv.
1321 2496 1445 2571 purtem
1470 2506 1526 2551 un.
1542 2484 1567 2551 f.
1584 2506 1629 2550 m.
1647 2486 1681 2549 in
1705 2485 1913 2563 Bsuxusuon,
1938 2483 2025 2568 quod

525 2572 671 2657 Rogems
685 2573 717 2637 le
732 2572 958 2658 Freuukeleyn
973 2575 1137 2659 quondum
1152 2576 1273 2640 lenuit.

528 2709 794 2862 'dDetWfflleo
818 2711 946 2777 Russell
968 2718 1102 2776 tenente
1126 2734 1200 2779 xxv.
1217 2718 1344 2797 parbem
1371 2713 1520 2799 ejusdem
1546 2710 1569 2777 i.
1594 2712 1629 2774 in
1656 2710 1902 2787 Rmcusmose,
1926 2730 2024 2791 quum

524 2819 537 2861 1
560 2818 613 2862 em
645 2819 750 2865 enm.

567 2934 616 2999 De
630 2936 734 3019 priore
750 2934 867 2999 Sancte
882 2936 1039 3001 Kuterine
1054 2942 1089 3001 et
1103 2937 1221 3002 abbate
1235 2937 1276 3000 de
1291 2936 1383 3000 Velle
1399 2936 1461 3000 Dei
1485 2935 1673 3000 tenentibus
1695 2942 1797 2998 xxv⁸¹¹³
1815 2936 1943 3018 purtem
1957 2953 1982 3018 1.
1998 2932 2022 2995 f.

523 3022 558 3087 in
574 3024 754 3101 Wmmuui,
768 3044 866 3106 quum
881 3023 1042 3088 Robertus
1056 3024 1143 3087 lilius
1158 3024 1334 3088 Alexandri
1348 3024 1512 3107 quondum
1528 3024 1647 3088 lenuit.

569 3160 618 3224 De
643 3159 775 3224 Simone
799 3160 840 3224 de
865 3161 1092 3246 Lunderlhorp
1117 3167 1250 3226 tenente
1274 3161 1297 3226 l.
1324 3166 1450 3244 perlem
1478 3161 1503 3247 j.
1529 3160 1553 3225 f.
1580 3161 1616 3224 iu
1641 3160 1902 3238 Luscumom’,
1926 3177 2025 3240 quum

523 3246 700 3311 Nicholuus
714 3248 755 3318 dc
771 3247 1000 3333 Lunderthorp
1016 3250 1180 3333 quondum
1193 3249 1314 3314 tenuit.

528 3472 552 3542 S
568 3384 616 3447 De
631 3384 745 3448 ebbule
759 3384 800 3448 de
815 3384 910 3449 Velle
924 3386 986 3449 Dei
1001 3391 1138 3450 tenente
1151 3384 1253 3470 iiijm
1263 3390 1389 3469 purtem
1403 3384 1428 3470 j.
1442 3386 1465 3451 f.
1478 3406 1524 3451 m.
1535 3405 1633 3469 quem
1644 3384 1732 3449 idem
1746 3383 1844 3448 abbas
1859 3383 1969 3447 lenuit
1990 3382 2025 3444 in

552 3494 761 3541 missusne.

569 3610 617 3674 De
631 3609 744 3673 eodem
759 3608 876 3674 abbate
892 3615 1025 3676 tenente
1039 3610 1098 3698 xij.
1114 3617 1241 3695 perlem
1249 3610 1278 3695 j.
1294 3611 1318 3674 f.
1333 3632 1377 3676 m.
1395 3611 1429 3673 in
1455 3610 1605 3690 Eiusne,
1632 3629 1731 3692 quem
1759 3606 1918 3673 Robertus
1942 3605 2025 3671 Crok

524 3697 688 3783 quondum
704 3698 823 3761 tenuit.

567 3835 615 3899 De
641 3833 790 3900 Johanne
817 3835 969 3900 Pessinet
991 3842 1125 3902 tenente
1148 3859 1221 3903 xxv.
1248 3841 1376 3922 purtem
1400 3837 1425 3924 j.
1450 3837 1473 3900 f.
1497 3856 1542 3900 m.
1566 3855 1665 3920 quum
1690 3834 1875 3897 Willelmus
1900 3830 2027 3896 Russell

525 3922 689 4008 quondum
703 3923 811 3987 tenuit
827 3925 863 3986 in
879 3923 1033 3990 Wususu.

568 4059 617 4124 De
646 4060 743 4125 Joceo
771 4061 813 4125 de
843 4061 1053 4145 Skylliugtun
1082 4069 1216 4127 tenente
1245 4063 1304 4150 xij.
1328 4067 1454 4147 perlem
1483 4063 1508 4149 j.
1540 4061 1564 4127 f.
1596 4062 1631 4124 in
1663 4061 1899 4138 Smmuuou,
1928 4078 2028 4142 quum

523 4145 683 4212 Rcberlus
697 4149 738 4212 de
754 4147 955 4232 Skilliugton
972 4150 1136 4233 quondam
1151 4151 1271 4215 tenuit.

568 4284 617 4348 Dc
632 4285 760 4352 Oliverc
775 4285 816 4349 de
833 4285 923 4369 Boby
939 4291 1071 4351 tenente
1085 4287 1157 4372 viij.
1174 4294 1303 4370 partem
1318 4287 1343 4374 j.
1360 4287 1381 4352 f.
1396 4287 1431 4350 in
1447 4288 1604 4364 Wmom
1618 4305 1717 4369 quem
1735 4283 1917 4348 Willelmus
1936 4283 2028 4367 Dyve

524 4381 560 4436 et
573 4371 749 4437 Nicbolsus
764 4373 804 4437 de
820 4373 948 4436 Meleon
967 4377 1095 4452 (rectius
1110 4375 1295 4453 Meleburn)
1314 4375 1474 4460 quondam
1491 4378 1678 4437 tenuerunt.

568 4510 618 4574 De
632 4511 750 4575 abbeie
764 4511 805 4575 de
818 4511 949 4574 Brunne
963 4516 1099 4575 tenente
1114 4534 1125 4599 1
1131 4562 1139 4579 .
1152 4513 1301 4577 bovatam
1316 4523 1401 4578 terre
1415 4519 1451 4577 el
1465 4513 1511 4578 di.
1527 4518 1561 4576 el
1576 4511 1707 4595 quando
1722 4510 1908 4595 scutagium
1922 4514 1971 4573 est
1987 4508 2028 4572 ad

524 4598 568 4664 xl.
576 4619 601 4664 s.
617 4599 674 4662 det
688 4596 754 4685 id.
769 4600 817 4664 ob.
833 4599 869 4662 iu
885 4598 1056 4663 hundredo
1069 4600 1110 4663 de
1127 4601 1270 4665 Brunne.

568 4737 617 4799 De
632 4735 772 4801 Boberlo
785 4736 826 4799 de
841 4736 1013 4820 Kyrketon
1028 4742 1162 4802 tenente
1176 4759 1276 4802 unem
1291 4739 1445 4803 bovatam
1461 4751 1545 4804 terre
1561 4743 1595 4802 et
1609 4737 1654 4802 di.
1671 4738 1705 4800 in
1721 4737 1875 4814 Bsuuuu,
1900 4732 2027 4818 queudo

525 4824 711 4907 scutagium
724 4829 776 4888 est
790 4823 831 4887 ed
845 4824 924 4890 xlc.
939 4826 999 4890 del
1011 4824 1105 4912 iijul.
1121 4847 1219 4912 quem
1235 4826 1421 4892 willelmus
1436 4827 1477 4891 de
1493 4824 1661 4909 Kyrketon
1676 4823 1837 4908 quondam
1853 4823 1973 4886 tenuit.

760 5175 764 5181 .
905 5123 1019 5192 Fuom
1041 5125 1094 5192 W.
1116 5123 1309 5213 ALBINU]
1339 5125 1399 5192 DE
1424 5123 1650 5193 BELVERE.

562 5296 611 5360 De
627 5295 725 5359 Petro
747 5296 787 5359 de
803 5295 878 5373 Ros,
894 5296 998 5378 priore
1011 5296 1052 5360 de
1068 5293 1175 5358 Belvlr
1190 5303 1224 5359 et
1247 5295 1339 5359 Novo
1356 5297 1440 5359 Loco
1455 5294 1644 5359 tenentibus
1659 5291 1684 5379 1“.
1702 5293 1725 5356 f.
1741 5294 1776 5356 et
1791 5289 1878 5378 xij⁸¹¹¹
1899 5295 2026 5374 purtem

518 5403 576 5449 uu.
603 5384 626 5446 f.
652 5403 751 5466 quem
777 5381 960 5447 willelmus
984 5382 1025 5446 de
1052 5382 1162 5446 Albini
1187 5382 1351 5466 quondam
1367 5383 1477 5448 tenuit
1491 5383 1525 5446 in
1544 5382 1733 5459 Ormuou,
1751 5380 1949 5446 'famuscu
1967 5382 2023 5459 (el)

525 5471 686 5538 Tecum
704 5473 832 5550 (rectius
847 5470 1032 5549 Cesum).

562 5609 611 5672 De
621 5609 727 5692 priore
738 5608 778 5671 de
791 5607 951 5671 Bissemet
966 5612 1058 5671 tenet
1076 5609 1144 5688 (cic)
1163 5607 1268 5694 iiijtun
1284 5614 1411 5691 purtem
1428 5613 1463 5672 et
1477 5607 1560 5695 vium
1577 5609 1702 5692 perlem
1718 5623 1774 5671 uu.
1788 5602 1813 5670 f.
1825 5603 1860 5667 iu
1872 5603 2029 5688 predictis

484 5697 487 5703 ’
518 5697 617 5774 villis,
631 5716 711 5780 ques
725 5695 891 5779 predictus
907 5694 1092 5759 Willelmus
1107 5695 1273 5778 quondum
1289 5696 1409 5762 tenuit.

563 5833 612 5898 De
636 5831 733 5898 Petro
758 5832 905 5917 predicto
931 5836 1025 5896 leuet
1052 5835 1122 5912 (sic)
1141 5832 1241 5919 viij·m
1260 5837 1389 5916 perlem
1404 5852 1460 5898 uu.
1476 5833 1501 5899 f.
1516 5834 1552 5896 in
1569 5833 1719 5909 Durius,
1734 5849 1833 5913 quem
1859 5827 2026 5914 predictus

523 5919 707 5986 Willelmus
721 5920 886 6012 quondum
898 5921 1019 5988 tenuit.
