5000 7050
537 1090 601 1154 490
1175 1088 1396 1158 NOBFOLK.

466 1411 470 1418 ·
532 1375 673 1439 Thomas
686 1376 717 1439 le
734 1376 894 1456 Palmere,
909 1377 1074 1443 Johannes
1088 1378 1335 1454 Ateohaumbre‚
1349 1377 1490 1443 Thomas
1506 1378 1595 1457 Prat,
1621 1377 1807 1441 willelmus
1823 1371 1986 1437 Soithrioh
2003 1377 2039 1437 et

536 1461 717 1527 Willelmus
731 1463 849 1543 Flslrlr,
863 1466 921 1548 qui
936 1465 1051 1531 dieunt
1066 1486 1123 1550 psr
1138 1471 1375 1531 sacramentum
1391 1486 1486 1531 snum
1504 1466 1593 1551 quod
1605 1491 1659 1532 :-

576 1696 694 1782 Guydo
707 1700 748 1762 de
763 1699 856 1763 Bello
871 1698 992 1784 Campo
1006 1705 1041 1765 et
1056 1700 1219 1785 Philippa,
1235 1721 1313 1765 uxor
1329 1702 1409 1785 ejus,
1425 1706 1542 1766 teuent
1556 1701 1739 1766 manerium
1756 1701 1796 1764 de
1813 1700 1927 1769 Sanan
1949 1700 2035 1783 quod

533 1790 585 1849 est
605 1786 646 1849 de
670 1787 804 1871 antiquo
828 1788 994 1851 dominioo
1019 1809 1076 1872 per
1101 1790 1291 1874 homagium
1316 1794 1458 1868 tantum,
1475 1789 1561 1872 qnod
1585 1789 1735 1853 dominus
1763 1786 1921 1852 Robertus
1944 1787 2035 1869 Tony

535 1873 699 1955 quondam
714 1875 836 1954 tenuit,
852 1895 909 1958 per
924 1875 1011 1960 quod
1026 1876 1198 1940 servicium
1215 1877 1379 1960 ignorant.

580 2007 691 2073 Simon
715 2009 755 2074 de
782 2011 881 2075 Bosoo
906 2016 998 2075 tenet
1021 2013 1057 2075 io
1082 2012 1196 2080 Sanan
1225 2017 1262 2076 et
1289 2013 1466 2081 Ovrrronorr
1493 2012 1538 2077 di.
1553 2012 1576 2077 f.
1593 2033 1637 2077 m.
1655 2009 1696 2075 de
1713 2010 1870 2095 Guydoue
1885 2011 1924 2075 de
1941 2009 2034 2075 Bello

536 2094 668 2181 Campo,
682 2102 716 2162 et
729 2098 818 2163 idem
833 2098 873 2163 de
887 2118 972 2183 rega,
988 2099 1074 2184 quod
1089 2100 1254 2183 quondam
1269 2099 1334 2163 luit
1349 2099 1478 2164 Radulfi
1494 2099 1534 2163 de
1550 2099 1662 2166 Boaoo.
1749 2138 1760 2150 -
1850 2138 1861 2149 -
1949 2115 2033 2162 aas.

583 2233 739 2298 Robertus
755 2236 930 2315 Gurszoun,
948 2236 1131 2301 Willelmns
1145 2237 1233 2300 filius
1247 2236 1317 2321 ejus
1331 2241 1365 2301 et
1391 2233 1532 2300 Thomas
1558 2235 1697 2300 Howard
1721 2240 1835 2299 tenent
1860 2234 1896 2298 in
1919 2234 2032 2297 Saum

536 2322 688 2405 quintam
702 2327 829 2405 partem
848 2322 874 2406 j.
890 2322 913 2387 i.
929 2344 974 2388 m.
992 2325 1032 2387 de
1057 2324 1202 2408 predicto
1229 2324 1390 2406 Guydone
1407 2328 1440 2387 et
1456 2322 1621 2408 Philippa,
1637 2342 1735 2387 uxore
1749 2320 1829 2407 ejus,
1843 2326 1878 2385 st
1892 2321 1979 2385 idem
1993 2319 2033 2384 de

536 2427 623 2492 rege,
639 2410 725 2493 quod
739 2409 901 2491 quondam
917 2411 983 2475 fuit
999 2410 1160 2476 Johannis
1174 2411 1206 2475 le
1222 2410 1354 2477 Boteler
1430 2444 1848 2461 -----
1934 2406 2035 2493 viiia.

581 2542 722 2607 Domina
744 2546 853 2610 Alesia
876 2546 916 2611 de
946 2546 1101 2611 Nereford
1131 2553 1227 2612 tenet
1256 2548 1440 2612 manerium
1470 2546 1511 2611 de
1542 2545 1778 2609 Parrawoanua
1808 2546 1841 2608 in
1872 2545 2037 2619 Assume

537 2628 657 2694 slusa
672 2637 707 2694 et
722 2631 866 2697 Hoosos
879 2634 920 2698 de
934 2632 1056 2698 honore
1070 2636 1111 2699 de
1127 2636 1219 2703 Clare
1234 2655 1292 2719 pro
1302 2634 1329 2719 j.
1345 2633 1369 2700 f.
1386 2655 1430 2700 m.
1445 2644 1479 2698 et
1494 2634 1581 2698 idem
1595 2634 1635 2697 de
1650 2652 1736 2718 rege,
1763 2633 1850 2716 quod
1872 2630 2035 2717 quondam

536 2718 602 2782 fuit
616 2717 796 2782 Petronilla
811 2720 851 2783 de
866 2720 1024 2786 Nareiord
1049 2758 1870 2774 ---------
1958 2718 2034 2783 xla.
2126 2791 2132 2799 Ι

580 2854 735 2921 Rioardus
758 2856 866 2921 Storm
891 2863 985 2923 tenet
1010 2858 1045 2922 in
1071 2859 1295 2923 Tnauaasroa
1323 2859 1457 2923 terciam
1482 2862 1609 2941 partem
1624 2856 1648 2942 j.
1664 2856 1688 2922 i.
1703 2876 1747 2920 m.
1764 2856 1804 2919 de
1817 2853 1955 2919 Ricardo
1969 2854 2036 2917 filio

537 2938 692 3022 Simonis,
706 2947 739 3006 et
755 2943 843 3009 idem
858 2944 899 3009 de
924 2946 1091 3010 eomitissa
1113 2946 1272 3022 declara,
1296 2950 1330 3009 et
1354 2945 1467 3009 eadam
1494 2944 1642 3030 detege,
1668 2944 1757 3027 quod
1783 2942 1947 3027 quondam
1971 2940 2038 3005 luit

540 3029 671 3093 Rioardi
687 3030 787 3098 Onrlu
909 3068 1727 3084 ---------
1816 3028 1917 3116 xiiis.
1933 3026 2036 3115 iujo.

581 3164 738 3229 Ricardns
763 3165 850 3231 filius
876 3166 1029 3249 Simonis,
1055 3169 1215 3232 Robertua
1245 3169 1420 3248 Gurszoun,
1452 3168 1638 3232 Willelmus
1669 3166 1754 3231 lilius
1784 3166 1869 3253 ejus,
1899 3164 2038 3229 Thomas

538 3252 688 3330 Howard,
703 3252 866 3317 Johannes
882 3253 1022 3332 Bonoso,
1037 3253 1201 3319 Johannes
1225 3256 1398 3331 Soutlmns,
1422 3254 1588 3321 Johannes
1612 3256 1787 3331 Atewater‚
1812 3253 1972 3317 Robertus
1995 3255 2036 3316 de

539 3337 754 3420 Hemoniae,
779 3340 882 3405 Lucia
907 3342 1038 3428 Feryng
1064 3351 1099 3407 et
1123 3342 1274 3407 lohanna
1290 3343 1471 3425 Welunday
1486 3346 1601 3406 tenent
1615 3343 1650 3405 in
1665 3342 1886 3405 Tasmenon
1901 3342 2037 3404 teroiam

537 3432 664 3510 partem
674 3426 702 3510 j.
718 3429 742 3491 f.
759 3447 804 3492 m.
821 3427 863 3492 de
877 3426 998 3494 honore
1013 3430 1053 3495 de
1069 3429 1174 3508 Clare,
1189 3435 1224 3493 et
1248 3430 1335 3494 idern
1362 3430 1403 3493 de
1425 3449 1513 3514 rege,
1539 3448 1601 3514 que
1627 3428 1792 3511 quondam
1815 3426 1880 3491 init
1907 3426 2036 3491 Ricardi

537 3513 599 3578 filii
613 3512 757 3578 Simonis
796 3554 1725 3569 ----------
1814 3513 1916 3601 xiiia.
1933 3512 2036 3601 iiijn.

580 3651 741 3737 Margaria
755 3641 798 3717 de
812 3652 877 3717 Ros
892 3659 984 3719 tenet
1000 3656 1182 3719 manerium
1196 3655 1237 3718 de
1250 3647 1397 3722 Wao‘rorr
1412 3655 1447 3717 in
1463 3654 1628 3716 dominico
1641 3657 1676 3716 et
1692 3653 1826 3716 servioio
1853 3653 1892 3716 de
1917 3650 2037 3716 oomite

537 3738 730 3891 ἓῗοεῗιίἰο
748 3760 813 3881 'pro
837 3740 863 3826 j.
878 3739 903 3807 f.
918 3761 963 3879 m:
989 3748 1024 3805 et
1037 3740 1125 3879 iriam
1140 3742 1312 3880 eomes-de
1335 3761 1422 3880 rege,
1445 3741 1531 3879 ouod
1553 3739 1717 3878 ouondam
1742 3738 1810 3878 fuit
1826 3738 2037 3892 Willelmxild:

582 3961 967 4134 DePlllulellloSoremby
982 4056 1016 4115 et
1030 4047 1136 4114 Maria
1150 4071 1229 4115 uxor
1243 4052 1316 4138 ejus
1331 4055 1447 4115 tenent
1462 4050 1674 4115 medietatem
1685 4049 1712 4134 j.
1730 4047 1753 4116 i.
1767 4071 1811 4114 m.
1822 4051 1857 4112 in
1873 4049 2037 4113 dominico

667 4141 701 4201 st
716 4138 849 4210 servicio
862 4136 904 4201 de
918 4136 1033 4202 eodem
1046 4136 1142 4202 feodo
1155 4138 1191 4202 in
1207 4137 1352 4206 Wannors
1368 4138 1408 4201 de
1432 4136 1598 4223 Margania
1623 4137 1664 4200 de
1689 4137 1764 4212 Ros,
1789 4157 1851 4220 que
1873 4136 2036 4219 quondam

668 4221 733 4287 fuit
747 4223 880 4289 Rioardi
895 4223 936 4288 de
951 4223 983 4286 la
998 4224 1133 4290 Rolrele.

623 4361 806 4425 Alexander
820 4362 984 4430 Onrsaonn
1005 4367 1099 4428 tenet
1115 4365 1149 4427 in
1166 4365 1309 4432 Wannorr
1324 4383 1427 4428 unum
1442 4363 1644 4448 quarterium
1658 4362 1683 4428 i.
1699 4382 1745 4427 m.
1761 4362 1802 4426 de
1817 4362 1931 4427 eodem
1945 4360 2038 4428 feodo

668 4448 709 4513 de
722 4449 878 4533 predictis
891 4449 991 4514 Petro
1006 4455 1041 4514 et
1056 4449 1172 4531 Maria,
1187 4451 1275 4537 quod
1289 4451 1455 4536 quondam
1470 4451 1533 4515 fuit
1547 4449 1709 4515 Willelmi
1724 4448 1898 4516 Cnrsaoun.

580 4583 746 4650 Johannes
760 4584 909 4651 Bossoun
921 4590 1014 4652 tenet
1027 4589 1064 4652 iu
1080 4589 1259 4656 Omunnorr
1274 4589 1320 4656 di.
1335 4587 1359 4656 f.
1375 4609 1420 4653 rn.
1436 4589 1476 4653 de
1492 4587 1657 4652 eomitissa
1672 4586 1875 4664 Mmamalla,
1899 4593 1933 4652 et
1946 4587 2037 4651 idem

540 4673 609 4753 (sic)
627 4672 668 4737 de
683 4693 770 4757 rege,
785 4674 872 4757 quod
886 4675 1050 4760 quondam
1065 4676 1131 4740 fuit
1146 4676 1237 4741 Petri
1254 4675 1398 4740 Bosaoun
1445 4713 1862 4726 ·····
1951 4694 2036 4741 xxm.

581 4807 771 4874 Elisabetha
798 4810 840 4875 de
870 4811 1022 4895 Latymer
1051 4819 1143 4877 tenet
1167 4814 1201 4876 in
1232 4813 1394 4880 Kaaaaoa
1424 4811 1545 4879 Maorra
1574 4811 1599 4897 j.
1620 4811 1642 4876 f.
1669 4809 1779 4874 mdo
1805 4809 1971 4872 eomitissa
1996 4809 2037 4873 de

537 4895 738 4976 Pennebrok,
754 4901 789 4961 et
802 4897 917 4962 Mem
930 4900 972 4963 de
985 4900 1151 4965 eomitissa
1165 4898 1206 4964 de
1222 4900 1326 4980 Clare,
1339 4904 1374 4963 et
1387 4899 1502 4964 eadem
1517 4898 1558 4961 de
1573 4919 1660 4984 rege,
1674 4896 1761 4982 quod
1785 4895 1949 4981 quondam
1973 4895 2039 4960 fuit

538 4982 728 5069 Baldewyni
743 4984 783 5048 de
798 4984 930 5050 Manere
947 5019 1872 5040 ----------
1960 4982 2039 5049 xla.

578 5119 623 5184 Et
646 5120 750 5185 iidem
774 5121 964 5186 oolleotores
987 5124 1070 5188 dieti
1094 5124 1210 5187 anxilii
1224 5143 1291 5187 non
1307 5123 1503 5206 respondent
1518 5121 1559 5184 de
1575 5119 1695 5204 xxvj.a.
1713 5116 1824 5204 viiio.
1842 5139 1899 5203 pro
1913 5118 2039 5183 duabus

534 5207 681 5291 partibus
700 5207 727 5292 j.
743 5206 767 5274 t
783 5230 826 5274 m.
852 5210 888 5272 iu
911 5209 1074 5278 Kannaoa
1097 5210 1218 5277 Manna
1241 5215 1276 5274 et
1299 5227 1380 5296 quar
1405 5210 1491 5292 prior
1514 5213 1549 5271 et
1575 5206 1692 5270 iratres
1718 5205 1900 5290 Hospitalis
1926 5206 2038 5270 Sanoti

533 5291 694 5360 iohannis
708 5296 751 5360 de
766 5295 948 5361 Jerusalem
962 5318 1021 5380 per
1035 5299 1132 5362 breve
1145 5300 1231 5384 regis
1246 5301 1361 5361 tenent
1375 5297 1410 5360 in
1426 5295 1506 5360 villa
1520 5293 1676 5379 prediola,
1691 5293 1784 5376 eujus
1806 5294 2038 5378 transcriptum

534 5381 815 5534 ξιιῐοιζίεροωιιιω
840 5384 916 5448 haio
942 5385 1060 5465 rotulo,
1085 5384 1172 5469 quod
1196 5385 1304 5450 diotus
1328 5383 1416 5469 prior
1441 5382 1619 5466 stiratres
1633 5380 1799 5466 quondam
1815 5385 1992 5446 tennerunt
2005 5381 2039 5444 in

561 5470 569 5485 '
632 5471 790 5554 prediota.

580 5743 770 5824 (alwardus
795 5742 855 5808 Dei
881 5747 990 5829 gracia
1015 5766 1071 5811 rex
1092 5746 1210 5831 Anglio
1224 5750 1261 5810 et
1275 5746 1415 5810 Franaia
1430 5749 1463 5810 et
1478 5743 1630 5808 dominns
1645 5741 1801 5807 Hibemie
1816 5743 2038 5810 oolleotoribua

533 5831 649 5897 auxilii
662 5832 704 5896 ad
718 5831 979 5917 primogenitum
993 5831 1100 5898 filium
1113 5839 1263 5898 nostrum
1278 5831 1419 5897 militem
1445 5829 1632 5896 faoiendum
1654 5835 1797 5894 oonoesai
1821 5831 1855 5893 in
1880 5833 2041 5896 eomitato

534 5914 715 5982 liorffolkie
739 5915 890 5984 aluum.
937 5919 987 5983 Ex
1017 5924 1112 6003 parte
1141 5917 1335 5985 dilaotorum
1361 5917 1454 5982 nobis
1483 5919 1518 5982 in
1546 5917 1675 5986 Ghriato
1699 5915 1816 5999 prioris
1842 5931 1878 5981 et
1902 5917 2040 5981 iratrum
