5000 7050
1123 1088 1207 1156 ab.
1232 1092 1329 1157 laea.
1907 1092 1969 1158 491

472 1363 652 1447 Hospitalis
667 1369 776 1436 Sancti
793 1372 951 1440 Johannis
971 1378 1155 1443 Jerusalem
1181 1381 1216 1442 iu
1242 1379 1361 1463 Anglie
1387 1380 1479 1444 nobis
1503 1384 1554 1443 cst
1579 1390 1746 1443 ostensum
1772 1380 1869 1463 quod,
1895 1400 1970 1443 cum

471 1452 535 1534 ipsi
549 1472 608 1536 per
618 1462 723 1521 cartas
736 1462 981 1545 progenitorum
997 1473 1180 1530 nostrorum
1194 1468 1358 1549 qnondam
1372 1486 1485 1553 regum
1501 1467 1617 1551 anglie
1632 1474 1667 1530 et
1688 1466 1970 1529 confirmacionem

474 1544 617 1603 nostram
639 1548 785 1624 teneant,
809 1549 936 1633 ipsique
960 1558 1120 1617 eteorum
1135 1554 1372 1637 predecessores
1386 1574 1407 1618 a
1421 1559 1568 1638 tempore
1582 1554 1793 1618 confectionis
1808 1557 1970 1617 cartarum

472 1629 508 1687 et
522 1626 777 1697 confirmacionis
791 1637 1011 1719 predictarum
1028 1639 1190 1724 hucusque
1205 1642 1373 1705 tenuerint
1386 1642 1497 1705 omnia
1509 1643 1610 1705 terras
1622 1646 1656 1703 et
1668 1645 1855 1704 tenementa
1867 1659 1925 1704 sua
1934 1640 1969 1704 iu

474 1714 633 1779 comitatu
657 1719 801 1800 predicto
824 1724 858 1785 iu
880 1744 994 1808 purarn
1009 1732 1044 1791 et
1057 1734 1248 1810 perpetuam
1263 1727 1471 1793 elemosinam
1487 1727 1529 1792 de
1543 1727 1693 1791 omnibus
1708 1726 1840 1791 auxiliis
1854 1747 1969 1811 regum

472 1799 602 1881 quim?
617 1823 671 1867 vos
686 1812 809 1886 tamen,
817 1813 1046 1894 pretendentes
1059 1815 1146 1896 ipsos
1161 1816 1302 1898 priorem
1318 1820 1353 1879 et
1368 1816 1481 1879 iratres
1496 1824 1598 1879 terras
1611 1820 1646 1878 ct
1659 1818 1845 1878 tenementa
1860 1834 1918 1877 aua
1932 1814 1968 1877 in

474 1885 596 1953 Macra
611 1890 772 1960 Kaaaaoa
792 1906 826 1960 et
849 1898 1011 1965 Canauna
1034 1922 1091 1983 per
1114 1901 1285 1965 servicium
1311 1900 1454 1966 militare
1481 1908 1604 1978 tenere,
1618 1901 1784 1986 quandam
1807 1921 1968 1965 summam

472 1976 609 2054 pecunie
622 1978 664 2041 ad
678 1982 838 2046 auxilinm
853 1985 1034 2069 predictum
1050 2009 1107 2071 pro
1121 1984 1243 2053 eudem
1259 1991 1351 2053 terris
1366 1995 1400 2052 et
1414 1990 1612 2053 tenementis
1627 1987 1813 2051 solvendam
1836 1988 1968 2073 exigitis

472 2068 507 2122 ct
528 2062 614 2145 ipsos
639 2066 778 2147 priorem
802 2076 836 2133 et
861 2072 975 2137 iratres
990 2076 1023 2137 in
1040 2076 1132 2139 terris
1146 2079 1181 2139 et
1195 2078 1392 2139 tenementis
1405 2076 1473 2139 illis
1488 2078 1653 2139 occasione
1668 2074 1814 2159 predicta
1827 2074 1968 2159 graviter

473 2144 670 2233 distringitis
709 2160 743 2217 et
781 2157 1012 2243 multipliciter
1044 2162 1221 2245 inquietari
1251 2163 1362 2227 facitis
1391 2163 1501 2227 minus
1530 2163 1628 2249 iuste,
1659 2182 1755 2245 super
1783 2180 1847 2245 quo
1877 2160 1969 2224 nobis

473 2235 695 2319 supplicarunt
723 2242 785 2306 sibi
815 2266 873 2329 per
900 2267 958 2311 nos
986 2249 1026 2312 de
1056 2249 1199 2314 remedio
1227 2250 1406 2332 providere,
1438 2256 1473 2313 et
1500 2252 1579 2332 quia
1606 2268 1665 2333 per
1696 2248 1968 2312 certificacionem

473 2319 661 2387 thesaurarii
685 2335 721 2391 et
743 2329 900 2396 baronum
925 2334 966 2398 de
989 2338 1144 2401 scaccario
1168 2336 1260 2401 nobis
1283 2337 1319 2400 iu
1343 2336 1534 2401 cancellaria
1562 2340 1673 2400 nostra
1702 2336 1744 2398 ad
1774 2334 1968 2399 mandatum

472 2413 619 2473 nostrum
634 2414 768 2479 missam
782 2424 831 2481 est
845 2428 1048 2504 compertum
1063 2423 1148 2507 quod
1164 2424 1303 2507 predicti
1321 2426 1406 2509 prior
1421 2430 1457 2489 et
1476 2423 1593 2487 iratres
1615 2442 1700 2486 anno
1722 2422 1815 2506 regni
1840 2422 1966 2485 domini

376 2560 380 2565 .
472 2493 624 2561 Edwardi
655 2519 761 2584 nuper
788 2508 872 2590 regis
901 2509 1018 2593 Auglis
1047 2512 1149 2593 patris
1178 2512 1280 2575 nostri
1309 2530 1393 2574 nono
1423 2531 1480 2593 per
1509 2509 1694 2575 libertatem
1724 2512 1812 2572 carte
1842 2508 1967 2572 domini

473 2580 606 2647 Henrici
636 2590 799 2668 quondam
828 2595 912 2677 regis
942 2596 1059 2681 Anglie
1088 2599 1199 2680 proavi
1224 2599 1329 2661 nostri
1355 2617 1455 2681 quam
1483 2597 1755 2673 confirmavimus,
1783 2616 1839 2679 per
1867 2615 1966 2680 qnam

471 2688 655 2735 concessum
681 2680 730 2739 est
752 2679 993 2763 imperpetuum
1016 2686 1101 2767 quod
1127 2684 1265 2767 predicti
1286 2685 1401 2749 iratres
1415 2684 1602 2769 sint‘quieti
1616 2684 1658 2747 de
1672 2682 1821 2746 omnihus
1836 2682 1967 2746 auxiliis
2001 2762 2005 2767 Ι

472 2776 597 2840 regum,
630 2778 755 2827 necnon
791 2774 944 2848 pretextu
980 2770 1148 2855 cujusdam
1184 2771 1291 2836 brevis
1326 2772 1367 2835 de
1396 2771 1547 2836 libertate
1587 2770 1644 2833 illa
1680 2769 1849 2834 allocanda
1884 2775 1966 2833 tuuc

472 2842 669 2909 thesaurario
684 2855 717 2911 et
734 2850 907 2919 baronibus
922 2858 1073 2920 scaccarii
1087 2858 1225 2941 predicti
1239 2859 1317 2922 inde
1332 2858 1449 2923 directi
1463 2857 1505 2921 de
1519 2857 1641 2922 auxilio
1655 2857 1696 2920 ad
1710 2856 1965 2942 primogenitum

472 2928 577 2995 filium
590 2933 716 2998 domini
730 2938 878 3004 Edwardi
903 2943 1065 3025 quondam
1088 2945 1173 3029 regis
1195 2944 1313 3031 Anglie
1336 2947 1388 3009 avi
1415 2945 1517 3009 nostri
1543 2943 1762 3009 maritandum
1786 2964 1844 3027 pro
1867 2943 1967 3007 dictis

471 3018 562 3081 terris
587 3028 621 3082 et
644 3029 843 3090 tenementis
867 3032 933 3093 suis
952 3032 987 3093 in
1010 3030 1132 3097 Manna
1148 3031 1309 3099 Kranaos
1323 3037 1355 3095 et
1371 3032 1532 3100 Consuant
1548 3052 1606 3116 per
1620 3031 1916 3095 consideracionem
1929 3032 1964 3094 in

470 3104 581 3169 eodem
597 3112 755 3174 scaccario
769 3117 849 3177 tunc
864 3116 984 3179 factam
1000 3119 1105 3201 quieti
1121 3122 1300 3183 extiterunt
1313 3143 1321 3197 ;
1349 3120 1427 3196 Nos,
1442 3120 1483 3183 ad
1499 3120 1657 3202 premissa
1671 3117 1965 3181 consideracionem

471 3188 627 3258 habentes
641 3214 679 3257 ac
693 3198 840 3265 nolentes
854 3203 1016 3285 predictos
1031 3205 1172 3288 priorem
1188 3212 1222 3269 et
1248 3206 1362 3269 iratres
1387 3207 1423 3270 in
1447 3203 1509 3269 hac
1534 3212 1627 3290 parte
1653 3204 1802 3271 indebite
1827 3206 1964 3284 onerari,

471 3276 562 3342 vohis
586 3281 779 3349 mandamus
805 3290 890 3374 quod
915 3290 1120 3371 demandam,
1146 3313 1244 3377 quam
1269 3294 1375 3357 tacitis
1397 3293 1519 3356 eisdem
1549 3287 1707 3376 priori'at
1729 3291 1884 3355 iratribus
1908 3312 1965 3371 pro

470 3363 634 3450 aliquibus
665 3374 801 3437 summis
830 3376 871 3439 ad
901 3378 1062 3443 auxilinm
1091 3381 1275 3464 predictum
1305 3400 1363 3464 pro
1387 3380 1484 3443 terris
1508 3384 1543 3443 et
1566 3380 1759 3443 tenementis
1783 3380 1819 3441 in
1843 3378 1965 3445 Mesua

471 3451 632 3521 Knauson
644 3461 679 3519 et
689 3458 850 3528 Conantur
862 3463 1031 3544 solvendis,
1045 3466 1281 3550 supersedeatis
1296 3473 1330 3531 et
1344 3468 1432 3552 ipsos
1445 3466 1524 3531 inde
1539 3485 1609 3530 esse
1624 3467 1752 3550 quietos
1767 3467 1966 3549 permittatis

470 3539 564 3625 juxta
592 3545 884 3614 consideracionem
913 3555 1152 3635 supradictam:
1182 3555 1311 3637 proviso
1339 3553 1437 3638 quod,
1459 3554 1487 3618 si
1513 3553 1652 3637 predicti
1677 3554 1765 3636 prior
1790 3559 1823 3616 et
1849 3553 1965 3617 fratres

469 3625 578 3711 aliqua
607 3629 673 3693 alia
702 3639 800 3698 terras
829 3657 890 3701 seu
918 3644 1106 3704 tenementa
1135 3640 1258 3704 ibidem
1287 3661 1343 3704 seu
1371 3641 1450 3705 alibi
1480 3641 1517 3704 iu
1546 3640 1706 3703 comitatu
1736 3639 1882 3723 predicto
1906 3660 1965 3724 per

470 3715 643 3780 servicium
659 3720 802 3786 militare
818 3728 962 3806 teneant,
978 3727 1019 3792 de
1034 3728 1151 3812 quihus
1165 3728 1230 3811 ipsi
1244 3748 1302 3792 seu
1317 3728 1555 3810 predecessores
1570 3727 1620 3790 sui
1637 3732 1784 3809 tempore
1807 3727 1889 3790 dicti
1911 3728 1965 3791 avi

469 3804 571 3865 nostri
594 3802 781 3887 hujusmodi
808 3813 968 3876 auxilium
993 3834 1058 3877 non
1082 3813 1258 3893 solverunt,
1283 3815 1385 3878 iidem
1406 3815 1494 3897 prior
1507 3818 1541 3876 et
1555 3812 1671 3877 iratres
1685 3819 1755 3876 tam
1770 3833 1828 3896 pro
1843 3811 1965 3876 eisdem

469 3890 564 3953 terris
590 3897 625 3954 et
650 3898 847 3961 tenementis
874 3901 919 3962 sic
942 3921 999 3983 per
1024 3902 1198 3965 servicium
1224 3901 1368 3965 militare
1391 3901 1496 3965 tentis
1519 3920 1617 3985 quarn
1641 3919 1700 3983 pro
1724 3898 1798 3964 aliis
1822 3900 1918 3964 terris
1930 3902 1966 3964 et

469 3981 679 4057 tenementis,
693 4001 755 4065 que
770 3990 839 4048 tam
853 4005 892 4049 ex
908 3989 1088 4070 perquisito
1103 4008 1161 4052 suo
1177 4009 1275 4075 quam
1290 3988 1354 4052 alio
1377 3987 1474 4052 modo
1496 4006 1553 4070 per
1575 3984 1763 4070 hujusmodi
1790 3986 1965 4050 servicium

469 4063 613 4128 militare
630 4071 746 4132 tenent
760 4069 886 4136 dictum
912 4075 1072 4139 auxilium
1095 4076 1189 4140 nobis
1212 4075 1338 4139 solvant
1364 4080 1398 4139 et
1423 4075 1464 4139 ad
1489 4073 1550 4138 hoo
1576 4074 1821 4154 compellantur.
1867 4073 1965 4137 Teate

469 4149 616 4214 Lionello
630 4153 698 4217 filio
712 4164 823 4222 nostro
838 4160 1004 4224 carissimo
1026 4162 1158 4228 custode
1183 4163 1304 4246 anglie
1328 4161 1416 4246 apud
1443 4161 1581 4244 Rccyng
1603 4159 1697 4247 xviij⁰
1718 4161 1771 4223 die
1797 4159 1964 4225 Februarii

467 4255 551 4300 anno
567 4242 659 4324 regni
674 4245 778 4307 nostri
793 4246 911 4331 hughe
925 4249 1078 4314 vicesimo
1093 4250 1210 4334 primo,
1224 4251 1315 4334 regni
1331 4269 1407 4312 vero
1421 4248 1544 4313 nostrie
1559 4247 1693 4312 Francie
1708 4251 1843 4326 octavo.)

511 4426 685 4494 Comitissa
709 4430 749 4496 de
772 4432 922 4500 Penbrok
948 4442 1041 4502 tenet
1068 4440 1103 4501 in
1130 4439 1293 4506 Knaamr
1316 4440 1424 4506 Paavs
1448 4439 1587 4501 terciam
1613 4440 1741 4519 partem
1764 4436 1789 4522 j.
1812 4436 1835 4502 1.
1853 4456 1896 4500 m.
1923 4436 1965 4499 de

466 4516 631 4579 comitissa
644 4516 685 4581 de
702 4517 807 4601 Clare,
818 4527 852 4585 et
866 4523 980 4588 eadem
993 4524 1035 4588 de
1050 4545 1135 4610 rege,
1145 4526 1229 4611 quod
1243 4527 1408 4611 quondam
1419 4525 1485 4590 fuit
1494 4524 1649 4610 Dyonisie
1661 4523 1701 4588 de
1716 4523 1965 4677 qurirtqtlirislqiqlo

510 4713 742 4782 Constantinus
766 4721 806 4784 de
829 4721 961 4788 Mortuo
987 4724 1071 4788 Mari
1097 4727 1238 4789 tenetis
1257 4725 1420 4804 Sanunos,
1437 4724 1626 4790 Eumenen
1642 4728 1678 4786 et
1694 4631 1822 4789 Touesis
1832 4721 1860 4807 j.
1876 4630 1910 4787 1.1
1918 4743 1963 4788 m.

464 4800 503 4863 (16
518 4804 637 4868 comite
652 4805 835 4886 warennis,
851 4814 885 4874 et
899 4830 1006 4875 comes
1021 4813 1060 4876 de
1074 4832 1163 4897 rege,
1177 4812 1264 4897 quod
1278 4812 1300 4875 J
1301 4811 1444 4876 ohannes
1458 4811 1498 4874 de
1512 4811 1620 4892 'l'horp
1635 4817 1668 4874 et
1683 4808 1792 4900 illicia
1801 4829 1881 4873 uxor
1895 4808 1965 4894 ejus

463 4890 627 4982 qnondam
641 4897 821 4958 tenuerunt
874 4935 1797 4951 ----------
1886 4897 1964 4963 xla.

509 5000 602 5066 Idem
618 5004 852 5073 Constantinus
867 5014 959 5073 tenet
974 5012 1155 5074 manerium
1170 5011 1209 5075 de
1225 5013 1421 5078 Tomaros
1437 5030 1494 5092 pro
1509 5008 1615 5071 tribus
1631 5009 1778 5091 partibus
1792 5014 1826 5072 et
1848 5009 1965 5093 quinta

462 5093 553 5170 parts
563 5088 590 5173 j.
606 5091 630 5156 f.
647 5112 692 5159 m.
707 5093 750 5156 de
764 5091 883 5159 herede
898 5094 1057 5160 Johannis
1071 5097 1103 5162 le
1119 5097 1292 5184 straunge,
1308 5105 1342 5161 et
1357 5096 1445 5160 idem
1463 5097 1502 5159 de
1526 5095 1674 5173 isabella,
1699 5097 1812 5180 regina
1833 5094 1965 5179 Anglie,

462 5179 497 5238 et
525 5178 639 5241 eadem
667 5179 707 5242 de
737 5183 858 5248 comite
887 5183 1067 5263 Aumarlie,
1096 5191 1130 5248 et
1155 5206 1264 5249 comes
1291 5186 1332 5249 de
1359 5205 1446 5270 rege,
1475 5181 1561 5266 quod
1592 5180 1759 5247 ‚iohannes
1788 5181 1828 5246 de
1856 5181 1963 5282 thorp

463 5264 627 5344 quondam
642 5269 754 5331 tenuit
784 5308 1708 5323 ----------
1796 5270 1963 5356 xxxvuj.s.

345 5450 349 5456 Δ
508 5375 650 5440 Heredes
664 5376 825 5444 Johannis
840 5380 871 5445 le
887 5381 1049 5465 Straunge
1064 5388 1183 5447 tenent
1198 5385 1231 5448 in
1259 5385 1455 5450 'horrisonos
1471 5381 1659 5445 vicesimam
1685 5385 1811 5464 partem
1832 5379 1860 5464 j.
1877 5381 1900 5446 1.
1916 5401 1961 5447 m.

463 5462 502 5524 de
525 5462 665 5528 Isahella
691 5467 803 5553 regina
826 5469 955 5554 Anglie,
983 5475 1017 5534 et
1039 5471 1152 5534 eadem
1176 5471 1218 5535 de
1242 5472 1331 5535 dicto
1356 5471 1488 5544 comite,
1510 5473 1545 5531 et
1572 5487 1680 5532 comes
1705 5468 1745 5531 ds
1759 5487 1848 5552 rege,
1865 5487 1962 5568 quam

461 5547 625 5616 Johannes
635 5551 670 5620 le
686 5551 847 5640 Strauuge
861 5557 1025 5638 quondam
1039 5558 1152 5622 tenuit
1182 5594 1803 5611 ·······
1892 5555 1961 5641 rja.

505 5660 646 5728 Thomas
672 5665 762 5750 Grey
783 5671 875 5731 tenet
898 5671 933 5732 in
948 5669 1091 5737 Mauros
1107 5672 1142 5734 in
1156 5671 1320 5734 dominico
1335 5676 1370 5732 et
1385 5669 1519 5757 servicio
1529 5667 1558 5750 j.
1575 5669 1598 5732 1.
1615 5688 1659 5731 m.
1674 5666 1714 5729 de
1728 5667 1749 5729 J
1752 5664 1880 5731 ohanne
1895 5666 1963 5731 filio

466 5746 599 5815 Walteri
624 5755 659 5815 et
682 5753 771 5817 idem
795 5753 835 5818 dc
861 5775 944 5842 rege,
969 5757 1056 5840 quod
1070 5758 1233 5842 quondam
1258 5756 1325 5820 fuit
1350 5755 1503 5819 Fulconis
1528 5752 1689 5826 Banisrd3
1712 5753 1751 5818 de
1804 5774 1847 5816 uo
1870 5753 1963 5818 feodo

461 5833 600 5902 Thomas
615 5838 768 5904 German
784 5845 873 5904 tenet
886 5844 923 5907 in
937 5843 1082 5911 Maeror
1097 5865 1200 5908 unum
1217 5845 1419 5928 quarterium
1436 5841 1459 5906 f.
1475 5862 1520 5905 m.
1535 5841 1576 5904 dc
1601 5840 1747 5922 predicto
1769 5839 1796 5902 Τ
1820 5859 1904 5917 ome,
1929 5847 1964 5904 et

460 5921 548 5988 idem
562 5926 603 5989 de
616 5925 706 5991 dicto
719 5925 880 6008 Johanne,
896 5936 931 5994 et
944 5931 1052 5997 dictant
1067 5931 1230 5996 Johannes
1244 5931 1286 5995 de
1299 5930 1431 5995 domino
1445 5947 1523 6011 rege
1537 5927 1591 5994 i.c.
1681 5962 1692 5978 ·
1783 5965 1794 5979 ·
1882 5925 1962 5996 aha.
