5000 7050
541 996 605 1059 418
1179 992 1399 1060 NORFOLK.

584 1277 743 1341 Dominus
758 1278 936 1342 Adomarus
951 1279 992 1342 de
1007 1280 1162 1345 valencia
1178 1282 1270 1345 tenet
1283 1279 1466 1343 manerium
1482 1279 1522 1342 de
1537 1280 1716 1347 Possnvvvrr
1740 1273 1784 1341 de
1805 1276 1940 1343 domino
1963 1300 2039 1364 rege

540 1366 595 1431 i.c.
621 1366 663 1429 dc
688 1366 776 1428 dono
801 1365 927 1430 domini
952 1368 1038 1451 regis
1065 1368 1197 1431 Henrici
1222 1368 1326 1450 patris
1341 1368 1426 1451 regis
1440 1385 1539 1444 nunc,
1554 1369 1609 1451 qui
1626 1367 1753 1429 dictum
1768 1368 1952 1431 manerium
1967 1374 2040 1451 post

541 1456 680 1515 mortem
695 1453 820 1516 domini
835 1452 993 1538 Stephani
1009 1455 1049 1518 de
1064 1454 1169 1519 Cressi
1185 1453 1276 1517 dedit
1293 1455 1425 1518 domino
1440 1452 1604 1517 Willelmo
1619 1453 1658 1517 de
1672 1451 1827 1515 valencia
1850 1456 1938 1536 patri
1961 1456 2040 1518 dicti

542 1540 707 1618 Adomari,
730 1561 788 1624 per
811 1541 897 1623 quod
922 1542 1095 1605 servicium
1121 1544 1285 1627 ignorant,
1317 1548 1366 1604 set
1395 1542 1510 1604 dicunt
1541 1541 1626 1624 quod
1656 1540 1763 1603 dictus
1793 1538 1981 1625 Stephanus
2008 1548 2040 1605 et

542 1631 757 1690 antecessores
783 1634 834 1690 sui
858 1633 1034 1693 tenuerunt
1059 1628 1142 1691 illud
1169 1630 1352 1693 manerium
1378 1648 1453 1691 cum
1479 1628 1668 1692 tenentibus
1692 1627 1757 1691 suis
1786 1646 1845 1710 per
1868 1630 2039 1693 servicium

538 1734 566 1796 J.
582 1714 605 1776 s.
620 1735 665 1779 m.

587 1851 746 1916 Dominus
761 1852 860 1937 Hugo
874 1852 1011 1916 Bardols
1022 1857 1111 1917 tenet
1125 1854 1309 1917 manerium
1325 1853 1366 1915 de
1384 1852 1606 1919 Srsuuvssvvs
1622 1851 1662 1915 de
1688 1850 1782 1915 feodo
1804 1853 1844 1915 de
1872 1853 2039 1917 Domartin

544 1940 585 2002 de
598 1939 731 2003 domino
745 1960 820 2023 rege
835 1942 889 2005 i.c.
905 1940 1054 2004 faciendo
1068 1941 1201 2004 domino
1215 1941 1288 2023 regi
1304 1961 1361 2024 pro
1377 1940 1465 2003 dicto
1480 1942 1624 2003 manerio
1640 1944 1674 2003 et
1689 1941 1875 2003 tenentibus
1893 1942 1970 2022 suis,
1986 1942 2040 2025 qui

546 2026 586 2090 de
601 2026 690 2090 dieto
704 2028 850 2091 manerio
865 2031 993 2105 tenent,
1008 2029 1180 2091 servicium
1194 2027 1218 2113 j.
1235 2029 1259 2093 f.
1277 2047 1321 2093 m.

590 2164 682 2227 Idem
707 2164 858 2227 dominns
882 2164 981 2247 Hugo
1007 2169 1099 2227 tenet
1122 2166 1306 2229 manerium
1330 2164 1371 2229 de
1394 2164 1571 2233 Osvnrnnn
1598 2164 1637 2227 de
1652 2164 1783 2227 baronia
1798 2162 1839 2227 de
1855 2162 1989 2248 Gurney
2003 2162 2041 2227 de

434 2284 441 2298 ·
548 2250 680 2315 domino
694 2272 768 2335 rege
782 2253 834 2317 i.c.
851 2271 908 2335 per
922 2252 1092 2315 servicium
1107 2251 1132 2338 j.
1148 2251 1173 2317 f.
1189 2272 1234 2316 m.

590 2383 749 2448 Dominus
773 2383 934 2447 Robertus
957 2385 999 2447 de
1025 2382 1144 2447 Ceston
1169 2384 1278 2447 tenuit
1302 2389 1486 2451 manerium
1512 2388 1551 2451 de
1578 2388 1797 2453 Bnnronsrorv
1827 2386 1869 2451 dc
1897 2387 2042 2470 episcopo

549 2470 696 2555 Norvvyci
711 2492 766 2555 per
781 2472 952 2535 servicium
968 2471 1013 2537 di.
1031 2470 1052 2536 i.
1069 2492 1113 2537 m.
1130 2476 1164 2535 et
1178 2472 1344 2555 episcopus
1359 2472 1399 2535 de
1415 2495 1501 2560 rege.

593 2611 685 2675 Idem
699 2612 859 2676 Robsrtus
875 2618 909 2676 et
917 2612 939 2676 J
940 2611 1083 2676 ohannes
1097 2614 1138 2676 de
1148 2612 1258 2677 Toites
1274 2617 1389 2677 tenent
1404 2612 1444 2676 de
1459 2612 1547 2676 dicto
1561 2612 1710 2695 episcopo
1725 2630 1828 2675 unum
1843 2612 2042 2695 quarterium

549 2697 573 2760 f.
589 2719 633 2763 m.
648 2701 683 2762 in
699 2700 836 2767 Wrrvorr
853 2704 889 2763 et
904 2702 1073 2784 episcopus
1088 2701 1128 2763 de
1143 2721 1231 2785 rege.

594 2836 740 2899 Heredes
755 2837 928 2921 Reginaldi
944 2837 1005 2901 tilii
1022 2837 1112 2901 Petri
1128 2842 1162 2900 et
1178 2837 1341 2901 Gerendus
1356 2836 1395 2901 de
1411 2836 1588 2921 Eynesford
1604 2840 1724 2899 tenent
1739 2840 1926 2899 tenementa
1942 2854 1999 2898 sua
2012 2836 2043 2897 in

550 2922 741 3002 Faernoar,
761 2925 946 2991 Suruwonn
960 2932 994 2987 et
1010 2926 1251 3004 ersrsrvuows,
1270 2927 1393 2990 scilicet
1408 2924 1520 2987 sotrum
1535 2922 1574 2986 de
1590 2923 1664 2986 Mor
1687 2924 1727 2986 de
1753 2924 1886 2986 domino
1909 2922 2047 2987 Roberto

550 3009 619 3073 filio
634 3010 751 3093 Rogeri
768 3032 824 3094 per
838 3013 1010 3074 servicium
1026 3014 1071 3076 di.
1088 3012 1112 3076 f.
1130 3033 1174 3078 m.
1192 3019 1227 3075 et
1242 3012 1349 3075 dictus
1365 3012 1524 3076 Robertus
1538 3010 1579 3074 de
1595 3012 1714 3074 honore
1729 3010 1770 3074 de
1785 3010 1864 3093 Eya.

595 3146 774 3229 Gregorius
795 3147 835 3209 de
858 3146 1095 3233 Felmyngham
1110 3155 1145 3212 et
1160 3151 1339 3233 percenarii
1354 3150 1402 3213 sui
1419 3153 1535 3213 tenent
1550 3155 1739 3212 tenementa
1753 3149 1788 3211 in
1806 3148 2047 3215 Surnnruunvo·

552 3253 623 3299 narr
649 3233 689 3297 de
710 3234 843 3298 domino
867 3234 1007 3319 Hugcne
1032 3235 1167 3300 Bardoli
1186 3257 1243 3320 per
1270 3237 1442 3301 servicium
1468 3237 1513 3301 di.
1540 3236 1564 3302 f.
1592 3257 1636 3301 m.
1662 3240 1696 3298 et
1721 3236 1809 3299 idem
1835 3236 1875 3299 de
1900 3235 2048 3319 episcopo

552 3322 711 3406 Norvvyci‚
728 3326 761 3385 et-
775 3323 943 3406 episcopus
958 3323 998 3386 de
1014 3343 1099 3406 rege.

597 3460 690 3524 Idem
717 3459 765 3524 Gr
805 3461 892 3523 orius
916 3465 951 3524 et
974 3461 1154 3546 percenarii
1178 3462 1231 3524 sui
1255 3466 1371 3526 tenent
1395 3464 1582 3527 tenementa
1605 3481 1663 3526 sua
1693 3462 1729 3524 in
1760 3460 1874 3526 eadem
1908 3460 1985 3523 villa
2010 3459 2049 3523 de

554 3547 693 3612 Roberto
714 3480 897 3613 deedaston
919 3569 974 3633 per
996 3551 1167 3613 servicium
1188 3551 1284 3614 unius
1306 3551 1462 3633 quarterii
1484 3550 1507 3615 f.
1531 3570 1576 3616 m.
1601 3555 1635 3612 et
1656 3549 1815 3612 Robertua
1838 3548 1878 3612 de
1902 3551 2050 3632 episcopo

554 3637 711 3720 Norwyei,
726 3642 761 3699 et
776 3637 947 3719 episcopus
962 3636 1003 3700 de
1017 3658 1103 3722 rege.

517 3817 521 3827 ·
597 3772 737 3837 Jacobus
766 3772 852 3836 filius
887 3771 1044 3855 Stephani
1078 3773 1226 3857 Riohwys
1260 3777 1294 3836 et
1328 3777 1476 3838 tenentes
1506 3777 1557 3837 sui
1592 3778 1705 3838 tenent
1727 3777 1916 3836 tenementis
1939 3791 1997 3835 sua
2017 3773 2051 3834 in

555 3861 668 3922 eadem
690 3860 731 3922 de
750 3860 838 3923 dicto
860 3859 1002 3922 Roherto
1024 3861 1065 3924 de
1088 3862 1204 3924 Ceston
1229 3882 1286 3945 per
1307 3862 1476 3924 servicium
1499 3862 1595 3924 unius
1618 3861 1773 3944 quarterii
1789 3860 1812 3926 f.
1828 3880 1872 3926 m.
1888 3864 1924 3922 et
1945 3859 2052 3923 dictus

555 3946 716 4011 Robertus
730 3946 772 4009 de
787 3948 937 4030 episcopo
952 3945 1110 4031 Norwyci,
1126 3957 1161 4012 et
1176 3952 1345 4033 episcopus
1360 3948 1399 4012 de
1414 3969 1497 4032 rege.

601 4081 712 4145 Simon
736 4082 776 4146 de
798 4081 990 4146 Ratlcsdene
1011 4091 1042 4147 et
1066 4089 1217 4148 tenentes
1240 4087 1291 4148 sui
1315 4090 1430 4149 tenent
1451 4088 1631 4148 manerium
1654 4084 1694 4147 de
1726 4085 1905 4149 Borrrrruanr
1938 4083 2052 4148 anrn

556 4172 597 4234 de
620 4169 788 4234 heredibus
812 4169 968 4232 Willelmi
990 4170 1030 4234 de
1051 4171 1166 4235 Monte
1189 4171 1303 4236 Oaniso
1326 4193 1384 4255 per
1405 4175 1576 4236 servicium
1594 4173 1621 4256 j.
1638 4173 1661 4238 f.
1678 4193 1722 4236 m.
1739 4170 1827 4234 unde
1850 4169 1992 4254 Rogerus
2014 4171 2053 4232 de

558 4256 705 4321 Esthalle
726 4263 817 4320 tenet
832 4265 930 4322 rxx⁸¹¹¹
946 4263 1085 4340 partem,
1101 4278 1158 4341 per
1172 4261 1393 4341 quantitatem
1409 4261 1536 4324 servicii
1551 4260 1687 4343 predicti
1703 4278 1807 4342 prose
1823 4271 1854 4320 et
1870 4257 2055 4322 tenentibus

559 4346 625 4408 suis
640 4344 680 4408 de
695 4365 759 4430 quo
773 4344 856 4407 dicti
872 4343 1006 4409 heredes
1021 4351 1150 4424 tenent,
1164 4349 1318 4412 nescitur.

602 4478 760 4542 Dominus
781 4478 919 4543 Thomas
940 4481 982 4544 de
1005 4481 1125 4546 Sancto
1146 4482 1264 4547 Omero
1287 4488 1378 4547 tenet
1400 4485 1580 4547 manerium
1603 4484 1643 4547 de
1660 4484 1842 4548 Bnmrnann
1864 4482 1904 4545 ds
1926 4480 2056 4544 domiuo

559 4565 701 4629 Roberto
732 4565 801 4629 filio
833 4565 951 4652 Rogeri
984 4589 1044 4652 per
1077 4571 1250 4633 servicium
1284 4571 1329 4633 di.
1355 4571 1378 4636 f.
1406 4591 1451 4636 m.
1479 4576 1512 4634 et
1549 4572 1656 4634 dictus
1679 4571 1838 4633 Robertus
1861 4569 1902 4640 de
1925 4568 2057 4631 dominc

561 4652 724 4716 Willelmo
739 4653 770 4716 le
785 4653 971 4733 Marischal,
988 4663 1024 4720 et
1039 4657 1126 4720 idern
1141 4657 1182 4720 de
1197 4657 1337 4720 Roberto
1353 4657 1393 4720 de
1408 4656 1592 4736 Tateshale‚
1607 4665 1641 4720 et
1656 4658 1745 4720 idem
1760 4657 1798 4719 de
1813 4676 1901 4741 rege.

602 4788 759 4852 Dominus
771 4791 959 4876 Amulphus
974 4792 1015 4856 de
1025 4794 1227 4876 Monnteney
1239 4799 1273 4857 et
1289 4795 1467 4877 peruenerii
1482 4797 1532 4859 sui
1548 4799 1661 4860 tenent
1675 4797 1709 4858 in
1727 4795 1835 4860 'Parva
1845 4795 2056 4872 Pnuusrnun,

559 4877 760 4942 Haemonius
784 4884 818 4940 et
839 4879 1019 4946 Tarannon?
1041 4881 1082 4943 de
1104 4881 1245 4944 Roberto
1268 4882 1335 4945 filio
1350 4883 1485 4945 Walteri
1510 4904 1565 4966 per
1588 4883 1759 4946 servicium
1782 4883 1880 4944 unius
1902 4883 2058 4964 quarrerii

560 4966 583 5030 f.
600 4985 644 5030 m.
660 4971 694 5027 et
708 4964 815 5028 dictus
830 4965 987 5030 Robertus
1002 4968 1042 5030 de
1058 4988 1144 5051 rege.

604 5100 769 5166 Johannes
803 5103 843 5165 de
876 5103 1066 5168 Plumstede
1101 5113 1136 5168 et
1168 5112 1318 5172 tenentes
1352 5110 1402 5171 sui
1425 5114 1541 5171 tenent
1561 5111 1596 5170 in
1621 5108 1779 5175 Gurusns
1803 5107 2004 5170 Pnurrsrrsnn
2027 5110 2059 5168 et

562 5193 670 5256 Pausa
685 5191 886 5255 Puuusrnnn
909 5196 1097 5256 tenementa
1119 5194 1159 5256 de
1181 5192 1298 5258 herede
1315 5195 1446 5258 Ricardi
1461 5195 1522 5257 filii
1537 5195 1635 5258 Alani
1650 5195 1689 5256 de
1705 5195 1849 5255 manerio
1863 5193 1904 5255 de
1920 5191 2061 5254 Milhnm

561 5299 618 5362 per
632 5278 803 5341 servicium
817 5280 916 5342 unius
930 5283 1083 5364 quarterii
1098 5280 1121 5345 1.
1137 5302 1181 5348 m.
1196 5282 1237 5345 de
1253 5283 1346 5346 feodo
1361 5284 1399 5345 de
1415 5283 1582 5367 Hcfflngg,
1599 5288 1634 5346 et
1648 5282 1755 5344 dictus
1769 5281 1863 5343 heres
1877 5279 1917 5342 de
1932 5300 2018 5364 rege.

606 5429 751 5494 Heredes
773 5428 951 5496 Clementis
965 5432 1005 5496 de
1021 5434 1231 5518 Cresingham
1247 5441 1280 5497 et
1298 5440 1445 5500 tenentes
1461 5437 1510 5499 sui
1526 5440 1641 5499 tenent
1653 5435 1687 5497 in
1705 5433 1823 5498 Nosrrr
1838 5431 2062 5496 Brnnrrvcuarr

563 5537 666 5582 unum
698 5521 898 5602 quarterium
931 5521 954 5585 f.
978 5541 1022 5586 m.
1054 5526 1092 5584 ut
1125 5522 1273 5602 credunt,
1307 5525 1348 5586 de
1383 5523 1508 5587 Thema
1540 5524 1580 5587 de
1609 5521 1637 5584 F
1638 5519 1859 5605 elmyngham‚
1890 5523 1925 5580 et
1955 5517 2063 5582 dictus

561 5604 701 5669 Thomas
716 5606 757 5669 de
772 5607 919 5690 episcopo
934 5608 1092 5692 Norvryci,
1107 5617 1141 5673 et
1155 5612 1325 5694 episcopus
1340 5610 1379 5674 de
1393 5631 1480 5695 rege.

607 5743 747 5807 Thomas
769 5742 953 5828 Steynvare
974 5750 1064 5811 tenet
1086 5747 1120 5809 in
1135 5747 1255 5814 Nonrrr
1269 5749 1484 5815 Brunrrrerrsrs
1499 5752 1723 5812 tenementum
1747 5744 1785 5808 de
1808 5743 1902 5808 feodo
1923 5727 2069 5827 episcopi

564 5830 711 5913 Norwyci
726 5852 782 5914 per
796 5832 839 5897 xl.
855 5839 981 5915 partem
995 5834 1019 5919 j.
1035 5833 1058 5899 f.
1076 5854 1120 5899 m.
1137 5839 1170 5898 et
1185 5836 1356 5919 episcopus
1370 5836 1410 5898 de
1424 5856 1510 5920 rege.
