5000 7050
1120 1061 1201 1126 nl).
1227 1064 1323 1166 1428.
1904 1066 1968 1130 259

511 1346 613 1410 Heres
637 1348 794 1413 Willelmi
821 1348 988 1435 Copuldelr
1013 1358 1107 1417 tenet
1132 1373 1188 1419 un.
1205 1353 1228 1418 f.
1257 1354 1292 1417 in
1320 1353 1566 1422 Fonunvnorou
1593 1357 1627 1417 et
1653 1353 1776 1431 Dsnnn,
1804 1351 1967 1435 quondam

465 1432 585 1517 Rogeri
600 1433 766 1518 Copuldelr
782 1437 821 1500 de
836 1438 930 1503 feodo
944 1439 985 1504 de
1000 1440 1179 1524 Hastyngs.

503 1571 596 1635 Idem
611 1571 704 1636 heres
718 1574 799 1640 dicti
817 1575 971 1640 Willelmi
987 1583 1081 1642 tenet
1096 1580 1130 1642 in
1146 1578 1318 1646 Somnus
1333 1579 1378 1645 di.
1394 1579 1417 1644 f.
1435 1601 1479 1645 m.
1496 1579 1659 1663 quondam
1674 1579 1755 1642 dicti
1781 1577 1902 1662 Rogeri
1924 1577 1965 1641 de
1999 1627 2006 1638 .

467 1657 632 1742 Copuldelr
648 1662 689 1724 de
704 1662 797 1726 feodo
811 1663 851 1726 de
868 1664 1046 1750 Hsstyugs.
1475 1679 1478 1684 '

510 1797 675 1863 Johannes
699 1801 740 1865 de
763 1800 872 1885 Kyme
896 1808 932 1866 et
958 1804 1124 1868 Johannes
1139 1813 1173 1869 at
1189 1804 1267 1868 Hall
1282 1806 1414 1870 divisim
1431 1809 1547 1870 tenent
1562 1807 1595 1870 in
1612 1805 1801 1875 stusnnr
1815 1803 1861 1869 di.
1878 1804 1902 1870 f.
1919 1823 1964 1868 m.

465 1893 598 1970 excepta
615 1896 648 1949 v·
665 1896 765 1970 parte,
781 1890 944 1973 quondam
958 1889 1118 1955 Johannis
1132 1891 1193 1955 filii
1210 1894 1354 1958 Simonis
1376 1890 1468 1982 [filii]
1490 1893 1662 1977 Guydonis
1686 1893 1726 1956 de
1742 1890 1904 1975 Waynllet
1927 1891 1966 1953 de

464 1972 559 2037 feodo
573 1973 614 2037 de
630 1974 797 2051 Marsball‚
812 1983 844 2040 et
861 1999 917 2062 pro
932 1985 1056 2060 quanto
1071 1985 1205 2064 uterque
1220 2001 1332 2044 eorum
1348 1987 1441 2045 tenet
1457 2001 1510 2064 per
1525 2001 1559 2045 ss
1574 1981 1737 2066 ignorant.

508 2109 667 2178 Dominus
692 2115 732 2179 de
757 2113 865 2199 Kyme
889 2120 979 2180 tenet
1004 2117 1039 2179 in
1064 2116 1262 2185 ansuunav
1287 2123 1320 2182 st
1345 2118 1425 2182 alibi
1449 2123 1514 2182 tres
1536 2123 1645 2201 partes
1659 2119 1683 2204 j.
1701 2118 1726 2185 f.
1743 2137 1786 2181 m.
1803 2117 1965 2202 quondam
2035 2175 2038 2180 .

329 2235 342 2248 ,
466 2196 618 2265 Nicbolai
643 2201 685 2265 de
709 2201 889 2286 Cantelupo
913 2205 955 2269 de
980 2204 1075 2268 feodo
1100 2206 1230 2270 comitis
1252 2205 1294 2270 de
1317 2205 1455 2283 Ferrers,
1482 2206 1569 2270 unde
1598 2205 1761 2269 Johannes
1792 2204 1966 2288 Strsunge,

468 2285 630 2352 Walterus
641 2287 807 2368 Pereston,
817 2289 840 2354 J
841 2289 985 2355 ohannes
998 2291 1166 2371 Pereston‚
1177 2299 1211 2356 et
1225 2292 1282 2355 alii
1298 2297 1414 2356 tenent
1429 2291 1561 2357 divisim
1577 2292 1612 2378 ij.
1626 2299 1734 2376 partes
1749 2291 1967 2376 predictarum

467 2374 567 2437 trium
584 2377 737 2459 partium,
752 2383 803 2442 set
817 2377 1012 2464 pro'quanto
1026 2380 1169 2462 quilibet
1184 2400 1294 2444 eorum
1310 2385 1401 2444 tenet
1416 2401 1471 2464 per
1487 2401 1519 2444 se
1534 2383 1697 2464 ignorant.
1784 2375 1786 2378 ’

464 2549 469 2558 ·
511 2510 677 2577 Johannes
700 2515 850 2599 Braytoft
872 2521 967 2582 tenet
992 2518 1082 2604 iiij⁸¹¹¹
1100 2522 1226 2601 partem
1248 2518 1273 2602 j.
1292 2517 1316 2582 f.
1332 2539 1377 2583 m.
1392 2518 1427 2580 in
1442 2517 1615 2587 Bnasronn
1630 2517 1793 2600 quondam
1808 2514 1966 2579 Willelmi

468 2600 620 2685 Brsytoit
634 2602 675 2664 de
689 2602 783 2666 feodo
798 2604 838 2667 ds
853 2624 939 2689 rege,
954 2607 1039 2669 unde
1055 2607 1076 2670 J
1077 2605 1217 2669 ohannes
1231 2606 1272 2668 de
1289 2605 1468 2689 Grymesby
1483 2610 1575 2668 tenet
1589 2607 1724 2669 terciam
1740 2609 1865 2687 partem
1880 2603 1967 2668 dicte

467 2688 543 2775 iiijv
562 2690 662 2772 partis
676 2691 807 2754 nomine
821 2691 909 2755 dotis
923 2693 1030 2756 uxoris
1045 2714 1114 2757 sne.
1511 2711 1515 2718 ·

511 2825 676 2890 Johannes
701 2827 933 2913 Malbertborp,
960 2829 1123 2894 Johannes
1146 2831 1276 2915 Ruddy,
1305 2830 1461 2894 Ricardus
1488 2829 1592 2912 Gryn,
1617 2827 1758 2892 Thomas
1776 2825 1966 2907 Whetcrolt,

468 2912 602 2978 heredes
626 2915 783 2979 Willelmi
809 2917 1016 3001 Luddyulon‚
1044 2919 1157 2982 Simon
1185 2918 1274 3001 May,
1297 2915 1428 2981 heredes
1452 2917 1581 2980 llioardi
1608 2915 1759 2999 Moryell‚
1783 2913 1967 2978 Willelmus

467 2999 601 3086 Poloyn,
613 3008 648 3065 et
662 3002 760 3066 multi
775 3005 832 3067 alii
848 3009 962 3068 tenent
977 3008 1154 3089 separatim
1170 3009 1205 3069 et
1218 3005 1351 3068 divisim
1369 3025 1422 3073 un.
1437 3004 1460 3069 f.
1477 3006 1512 3067 in
1530 3003 1694 3081 Sonnunr,
1711 3001 1914 3080 Wvunuons,
1932 3005 1967 3065 et

468 3087 590 3155 Bunon
614 3091 777 3174 quondam
800 3091 936 3155 Henrici
962 3091 1097 3176 Sleyght
1122 3094 1163 3156 de
1188 3093 1283 3155 feodo
1307 3092 1348 3155 de
1375 3091 1496 3171 Gaunt,
1525 3097 1574 3154 set
1600 3111 1656 3172 pro
1683 3095 1805 3173 quanto
1829 3089 1968 3172 quilibet

468 3195 578 3239 eorum
606 3182 698 3241 tenet
727 3198 785 3260 per
814 3199 847 3241 se
876 3180 1038 3262 ignorant,
1067 3181 1145 3263 quia
1171 3178 1374 3243 alienabatur
1403 3177 1607 3263 parcellatim
1636 3199 1692 3261 per
1721 3176 1856 3240 heredes
1886 3176 1967 3239 dicti

468 3262 604 3328 Henrici
620 3262 755 3350 Slsyght
769 3265 922 3348 predictis
937 3267 1126 3331 tenentibus
1142 3273 1176 3330 et
1192 3265 1306 3330 multis
1320 3265 1403 3329 aliis.

508 3399 841 3487 Jobannes‘l'opolyfe
866 3409 957 3467 tenet
981 3406 1015 3467 in
1033 3403 1204 3472 Sunrvnnv
1228 3403 1318 3490 iiij-¹¹¹
1346 3409 1471 3488 partem
1491 3402 1518 3486 j.
1536 3403 1558 3467 f.
1577 3422 1622 3467 m.
1648 3401 1688 3465 de
1712 3400 1805 3464 feodo
1830 3399 1963 3478 Castris,

397 3544 402 3550 .
467 3489 630 3573 quondam
642 3488 765 3556 Thomu
780 3491 821 3554 de
835 3491 1000 3571 Turribus,
1014 3491 1100 3557 unde
1115 3492 1299 3575 capellanus
1314 3492 1455 3555 contario
1471 3492 1505 3553 in
1521 3488 1675 3572 Sutterby
1690 3494 1779 3553 tenet
1793 3486 1968 3572 porcellum

468 3579 555 3641 dicte
570 3576 645 3665 iiijl⁰
666 3580 769 3663 partis
784 3579 818 3641 in
835 3600 951 3662 puram
965 3586 1000 3643 et
1015 3587 1207 3664 perpetuam
1223 3580 1444 3655 elemosinam,
1460 3585 1507 3642 set
1523 3597 1581 3662 pro
1596 3582 1718 3660 quanto
1733 3578 1895 3660 ignorant.

512 3714 654 3779 Heredes
668 3715 791 3779 Thome
807 3716 847 3779 de
860 3714 1041 3799 Thymelby
1057 3721 1172 3779 tonent
1198 3717 1233 3780 in
1258 3717 1391 3781 Assnnr
1411 3715 1509 3799 juxta
1532 3715 1707 3781 Psnrnnav
1730 3712 1820 3800 iiij⁸¹¹¹
1841 3716 1967 3796 partem

464 3799 491 3885 j.
506 3801 529 3865 f.
543 3822 589 3867 m.
606 3803 769 3886 quondam
782 3802 926 3867 Simonis
939 3804 979 3867 de
995 3803 1124 3867 Merton
1139 3804 1179 3867 de
1194 3803 1287 3866 feodo
1304 3804 1344 3867 de
1360 3823 1446 3887 rege.

513 3938 655 4004 Heredes
678 3940 823 4023 ejusdem
848 3939 970 4004 Thome
994 3942 1035 4005 de
1058 3940 1238 4025 Tbemylby
1263 3946 1378 4004 tenent
1401 3940 1522 4003 ibidem
1547 3939 1635 4026 iiijlm
1658 3941 1783 4021 partem
1809 3936 1836 4021 j.
1869 3936 1891 3999 f.
1922 3954 1966 4001 m.

469 4027 632 4109 qnondam
647 4026 766 4113 Rogeri
782 4026 898 4111 Crescy
912 4030 953 4091 de
969 4027 1064 4092 feodo
1079 4029 1119 4091 de
1134 4028 1302 4092 Arundell.

513 4163 561 4229 De
576 4164 722 4249 pluribus
737 4164 841 4230 feodis
855 4166 939 4230 infra
952 4168 1233 4251 vappentachium
1249 4166 1430 4249 predictum
1445 4165 1605 4249 ignorent.
1653 4162 1695 4226 In
1711 4162 1802 4247 cujus
1817 4163 1864 4226 rei
1880 4167 1944 4227 etc.

867 4416 1174 4505 [Wanrnuraournu
1197 4416 1257 4505 nn]
1288 4415 1577 4486 OORYNGHAM.

514 4581 692 4665 lnqnisicio
707 4587 802 4665 capta
816 4583 903 4666 apud
917 4583 949 4645 le
965 4582 1094 4668 Spytell
1109 4602 1183 4647 over
1197 4592 1232 4668 γ’)
1255 4582 1364 4647 Strete
1379 4580 1432 4645 die
1458 4581 1549 4644 Lune
1574 4580 1718 4662 proximo
1744 4582 1822 4643 ante
1848 4578 1969 4643 festum

470 4666 583 4731 Sancti
600 4668 745 4732 Barnabe
760 4670 898 4753 apostoli
913 4682 998 4733 anno
1013 4674 1105 4755 regui
1121 4673 1208 4757 regis
1223 4671 1358 4735 Henrici
1375 4670 1457 4733 sexti
1473 4666 1531 4733 dno.
1549 4672 1651 4745 sexto,
1667 4687 1774 4730 coram
1797 4666 1970 4729 Edmundo

471 4754 598 4820 Osteler
621 4762 656 4819 et
680 4758 775 4820 sociis
798 4758 863 4820 suis
888 4758 1107 4822 collectoribus
1138 4768 1200 4823 etc.
1230 4765 1278 4837 (as
1309 4759 1435 4842 bosora),
1458 4776 1513 4839 per
1543 4759 1779 4818 sacramentum
1811 4752 1971 4818 Johanuis

471 4841 618 4907 Hamson
640 4842 681 4907 de
705 4843 928 4928 Gaynsburgh‚
943 4845 1075 4909 Roberti
1096 4846 1242 4909 Hamson
1257 4846 1298 4908 de
1314 4844 1390 4921 Lee,
1404 4842 1563 4906 Willelmi
1579 4840 1745 4926 Pynderth
1760 4842 1801 4905 de
1829 4842 1969 4919 Marton,

469 4930 628 4995 Jchaunis
643 4931 720 4994 Lele
740 4932 780 4994 de
795 4930 926 5015 Blyton,
940 4931 961 4995 J
963 4931 1098 4996 ohannis
1113 4932 1236 5015 Saxsby
1251 4934 1292 4995 de
1308 4932 1493 5015 Langbton,
1507 4929 1642 4992 Roberti
1659 4927 1773 5011 Byfeld
1789 4928 1829 4991 de
1844 4928 1968 5007 eadem,

469 5017 593 5082 Thome
609 5016 722 5102 Savvby
736 5019 777 5082 de
793 5018 969 5103 Northorp‚
984 5017 1143 5083 Johanuis
1160 5019 1266 5104 Byrch
1281 5020 1320 5082 de
1335 5020 1460 5093 cadem,
1475 5016 1606 5080 Ricardi
1623 5014 1739 5079 Clerke
1759 5015 1799 5079 de
1822 5014 1967 5093 Section,

469 5103 627 5168 Johannis
655 5106 756 5169 Aldus
786 5105 825 5169 de
855 5106 980 5185 eadem,
1010 5106 1144 5171 Roberti
1175 5106 1289 5190 Grescy
1327 5106 1367 5169 de
1405 5104 1551 5181 Scotour‚
1588 5101 1722 5165 Roberti
1758 5102 1899 5187 Godfray
1927 5105 1969 5167 de

469 5190 683 5277 Coryngham
699 5192 818 5277 Rogeri
833 5192 942 5257 Grene
957 5195 997 5257 de
1012 5194 1135 5274 eadem,
1149 5200 1184 5259 et
1200 5194 1331 5257 Ricardi
1348 5214 1366 5257 o
1381 5192 1437 5256 the
1453 5191 1524 5254 Hill
1538 5192 1579 5254 de
1595 5190 1819 5275 Spryngthorp
1829 5214 1884 5255 2-

511 5381 611 5467 Hugo
637 5380 792 5462 colasson,
819 5383 924 5463 miles,
941 5387 1043 5447 -tenet
1065 5384 1101 5445 in
1127 5383 1200 5449 Lnn
1211 5382 1238 5467 j.
1256 5384 1280 5445 f.
1297 5402 1342 5447 m.
1359 5381 1399 5445 de
1414 5381 1534 5443 comite
1549 5377 1792 5456 Richemondis,
1805 5377 1967 5460 quondam

469 5468 650 5533 Normanni
666 5467 859 5553 Swyniorth.

470 5690 492 5756 d
510 5603 669 5671 Haurious
682 5604 784 5689 Peroy
797 5609 888 5673 tenet
901 5606 937 5670 in
952 5606 1202 5675 Gamnssnson
1211 5605 1240 5689 j.
1254 5604 1279 5672 f.
1291 5625 1336 5669 m.
1347 5603 1512 5693 quondam
1527 5601 1548 5665 J
1550 5600 1686 5666 ohannis
1700 5586 1806 5684 Derov
1821 5599 1861 5663 de
1875 5598 1969 5665 ieodo

491 5712 509 5757 e
523 5712 610 5779 rege.

510 5826 671 5893 Johannes
700 5826 786 5912 Boys
807 5834 900 5893 tenet
925 5831 959 5893 iu
984 5830 1194 5899 Gnsrnousu
1217 5828 1259 5892 de
1285 5804 1379 5893 feodo
1404 5826 1546 5913 episcopi
1563 5823 1799 5887 lincolniensis
1821 5821 1865 5884 dl.
1882 5820 1905 5887 f.
1920 5840 1965 5887 m.

470 5918 632 6001 quondam
646 5916 804 5983 Johanuis
820 5919 998 6004 Charterys.
1024 5928 1028 5934 ’
