5000 7050
1143 1103 1225 1170 al).
1249 1107 1346 1170 1346.
1929 1112 1991 1174 515

533 1391 681 1476 Rogerus
703 1391 836 1457 Bacoun
859 1396 952 1457 tenet
972 1393 1008 1456 in
1033 1393 1153 1461 Noarrr
1165 1393 1470 1462 Wonnaanurorrau
1495 1397 1671 1460 dimidium
1691 1398 1890 1481 quarterium
1905 1399 1929 1464 f.
1947 1419 1992 1467 m.

491 1479 531 1542 de
545 1479 669 1542 Thoma
683 1479 826 1559 Bacoun,
839 1484 874 1543 et
887 1479 1030 1545 Thomas
1042 1482 1084 1546 de
1097 1502 1193 1566 rege;
1209 1488 1243 1546 et
1258 1481 1318 1546 hoc
1332 1504 1390 1568 per
1404 1505 1522 1548 novam
1538 1485 1789 1567 inquisicionem
1827 1526 1839 1538 -
1928 1508 1992 1552 v.s.

535 1617 699 1682 Johannes
714 1616 755 1680 de
770 1616 960 1705 hideburgh
975 1624 1068 1682 tenet
1081 1621 1117 1683 iu
1132 1619 1243 1683 eadem
1260 1621 1447 1685 vicesimam
1461 1625 1586 1705 partem
1610 1622 1633 1704 j.
1650 1620 1673 1684 i.
1689 1643 1734 1687 m.
1758 1621 1798 1686 de
1820 1623 1993 1687 heredibus

491 1704 619 1767 comitis
634 1702 815 1784 Norfolkie,
830 1711 865 1770 et
878 1707 961 1770 dicti
977 1705 1108 1770 heredes
1122 1707 1162 1770 de
1177 1727 1274 1794 rege;
1289 1713 1322 1772 et
1338 1707 1399 1772 hoc
1414 1729 1471 1794 per
1485 1729 1601 1772 novam
1616 1710 1877 1794 inquisicionem,
1923 1711 1956 1795 ij.
1965 1732 1991 1775 a.

533 1840 668 1906 Summa
682 1842 825 1926 xxvijdi.
842 1863 928 1911 ava.
945 1843 1049 1931 iiijd.
1094 1843 1178 1909 Inde
1193 1844 1233 1910 de
1248 1847 1454 1912 incremento
1468 1847 1602 1933 xxviia.
1624 1868 1682 1932 pro
1698 1847 1766 1935 xiij.
1783 1847 1807 1912 f.
1822 1848 1868 1911 di.
1890 1847 1992 1912 tercia

490 1937 594 2012 parte,
607 1935 641 1993 et
655 1939 712 1992 xx⁸
732 1935 823 2014 parte
833 1931 861 2014 j.
877 1932 899 1996 f.
915 1952 950 1994 m

915 2225 1136 2293 Honoranuu
1159 2247 1203 2292 oa
1226 2227 1565 2296 BROTHEROROS.

530 2387 854 2453 Jurati.—J0hannes
877 2389 917 2452 de
944 2386 1199 2473 Hindringham,
1221 2389 1362 2452 Thomas
1377 2389 1463 2453 filius
1486 2391 1616 2456 Ricardi
1633 2391 1791 2476 Aylvvard
1805 2391 1988 2460 Willelmus

487 2473 683 2556 Rychemen‚
712 2474 851 2540 Jacobus
880 2476 994 2560 Larga,
1024 2476 1223 2540 Laurencius
1253 2477 1354 2555 Masi,
1383 2478 1541 2543 Ricardns
1569 2477 1790 2562 Baggethorp,
1823 2477 1987 2545 Johannes

487 2561 584 2638 Bous,
611 2562 798 2629 Willelmus
822 2561 946 2641 Hunta,
971 2563 1134 2629 Johannes
1159 2563 1200 2626 de
1223 2563 1431 2647 Soytertone‚
1447 2565 1631 2633 Willelmus
1647 2565 1787 2650 Aylmer,
1803 2566 1987 2632 Willelmus

486 2645 619 2730 Gayllie,
636 2647 813 2713 Niobolans
829 2649 915 2712 filius
931 2647 1099 2733 Stephani,
1114 2652 1170 2736 qui
1186 2651 1301 2714 dicunt
1316 2671 1374 2735 per
1389 2658 1626 2716 sacramentum
1642 2673 1737 2716 suum
1754 2653 1837 2737 quod
1853 2679 1906 2718 :—

527 2837 720 2920 Radulphus
748 2838 788 2903 de
817 2839 1021 2904 Hemenhale
1051 2861 1125 2904 oum
1154 2839 1347 2905 tenentibus
1377 2843 1444 2904 suis
1480 2847 1596 2906 tenent
1633 2823 1820 2906 tenemento
1855 2863 1913 2906 sua
1949 2844 1984 2905 in

486 2923 653 2990 Baounau
668 2925 709 2988 de
722 2923 843 2990 honore
858 2927 899 2990 de
913 2926 1037 2992 Dovere
1052 2949 1108 3012 per
1122 2927 1157 3011 ij.
1174 2929 1197 2994 f.
1213 2949 1258 2994 m.
1374 2969 1384 2980 -
1476 2969 1487 2980 -
1577 2970 1588 2981 -
1678 2969 1688 2980 -
1780 2970 1791 2981 ·
1880 2930 1982 3015 iiiju.

415 3061 418 3066 ’
526 3060 714 3129 Willelmus
728 3063 769 3128 da
785 3062 960 3148 Oalethorp
976 3069 1066 3128 tenet
1083 3066 1116 3127 in
1135 3066 1304 3132 Bonnam
1320 3071 1445 3131 sextam
1461 3070 1586 3152 partem
1602 3067 1626 3151 j.
1645 3065 1668 3130 f.
1683 3087 1728 3129 m.
1751 3066 1791 3130 de
1815 3067 1984 3130 heredibus

483 3149 832 3300 igdbbirbnhtmmui'
858 3172 956 3236 quam
980 3151 1146 3218 Johanues
1169 3153 1210 3216 de
1234 3152 1390 3218 Cckeseld
1413 3158 1448 3218 et
1478 3155 1638 3218 Ricardns
1666 3153 1706 3218 de
1736 3153 1795 3219 Hil
1821 3154 1980 3238 quondam

526 3373 666 3438 Thomas
681 3373 935 3460 Chaumberleyn
952 3379 1045 3440 tenet
1059 3377 1095 3438 in
1111 3377 1292 3442 Davanam
1308 3397 1410 3441 unum
1426 3378 1624 3463 quarterium
1641 3376 1663 3442 f.
1680 3397 1724 3441 m.
1748 3377 1790 3440 do
1810 3375 1983 3442 heredibus

482 3461 601 3549 Rogeri
617 3461 677 3526 filii
693 3462 832 3544 osberti,
848 3463 936 3548 quod
951 3464 1096 3547 Rogerus
1110 3464 1150 3528 de
1165 3464 1277 3528 Toites
1293 3466 1458 3550 quondam
1473 3466 1624 3529 tenuit·
1708 3489 1726 3515 ·-
1817 3505 1827 3516 -
1914 3485 1980 3532 aa.

524 3602 684 3665 Tenentes
707 3605 867 3665 terrarum
892 3607 926 3665 et
951 3607 1212 3666 tenementornm
1233 3603 1399 3687 quondam
1414 3603 1570 3670 Willelmi
1594 3604 1635 3666 de
1650 3603 1803 3687 Aungree
1817 3607 1931 3667 tenent
1946 3604 1981 3666 in

482 3689 649 3755 Bauunau
665 3709 768 3752 uuum
783 3690 982 3773 quarterium
997 3690 1021 3756 f.
1039 3710 1083 3754 m.
1100 3689 1141 3752 de
1156 3690 1325 3753 heredibus
1340 3691 1457 3774 Rogati
1472 3690 1533 3753 filii
1549 3688 1678 3753 Oaberti
1711 3730 1722 3740 -
1813 3729 1823 3739 -
1911 3710 1979 3761 aa,

524 3828 628 3892 Adam
643 3829 683 3891 de
699 3828 910 3892 Branncastre
926 3830 1019 3892 tenet
1033 3828 1069 3890 in
1084 3827 1266 3893 Dauduana
1282 3848 1386 3892 unum
1400 3820 1602 3912 quarterium
1625 3826 1649 3891 i.
1667 3848 1711 3892 m.
1735 3826 1820 3909 quod
1842 3824 1980 3891 Thomas

479 3913 521 3978 de
538 3914 751 3979 Brauncestre
765 3916 929 3998 quondam
945 3916 1055 3979 tenuit-
1107 3953 1826 3966 --------
1913 3936 1979 3980 rus.

524 4052 708 4119 Willelmus
722 4054 762 4116 de
779 4051 1053 4137 Inqgaldesthorp
1068 4059 1103 4116 et
1117 4051 1279 4116 Robertus
1293 4052 1334 4115 de
1349 4051 1456 4116 Scalas
1479 4072 1553 4115 cum
1578 4051 1766 4115 tenentibus
1782 4052 1848 4114 suis
1863 4056 1977 4115 tenent

480 4144 671 4203 tenemento
682 4160 740 4203 sus
751 4140 786 4202 in
797 4141 974 4218 Baranam,
988 4142 1149 4205 Pooovuo
1164 4140 1311 4218 Noanou,
1324 4140 1524 4217 Hammon,
1535 4139 1721 4205 Isnvuorou
1737 4143 1771 4201 et
1787 4138 1922 4205 Gerana
1938 4140 1978 4202 de

480 4225 601 4290 bonore
616 4227 656 4291 de
671 4226 807 4307 Haulee‚
824 4248 882 4311 per
906 4228 1075 4290 servicium
1101 4228 1126 4312 j.
1143 4225 1166 4291 f.
1183 4247 1227 4290 m.
1256 4226 1296 4289 de
1323 4246 1387 4310 quo
1411 4226 1504 4289 feodo
1530 4226 1721 4289 Edmundus
1747 4225 1788 4288 da
1811 4226 1977 4311 Heigbton

480 4319 571 4377 tenet
584 4316 619 4376 in
635 4315 798 4379 Hnaorou
814 4316 949 4377 terciam
964 4319 1092 4397 partem
1106 4316 1130 4398 j.
1146 4313 1170 4379 f.
1180 4334 1226 4378 m.
1237 4314 1278 4376 de
1294 4313 1440 4397 predicto
1451 4312 1617 4381 Willelmo
1632 4313 1674 4376 de
1690 4312 1977 4397 Inggaldestborp,

479 4402 565 4484 quod
591 4402 730 4464 Thomas
756 4402 797 4464 de
821 4399 1070 4486 Ingaldesthorp
1096 4400 1261 4485 quondam
1287 4402 1408 4481 tenuit,
1428 4401 1478 4479 (de
1493 4420 1558 4483 qua
1572 4400 1673 4465 tercia
1687 4407 1779 4482 parte
1794 4400 1875 4462 dicti
1891 4402 1914 4463 f.
1931 4420 1975 4466 m.

479 4489 640 4553 Rohertus
655 4488 696 4551 de
711 4488 819 4551 Scales
834 4494 984 4551 oneratus
999 4487 1064 4550 tuit
1080 4489 1120 4551 de
1135 4488 1254 4551 relevio
1270 4507 1327 4550 suo
1351 4496 1499 4570 tempore
1521 4489 1606 4573 regis
1631 4486 1780 4549 Edwardi
1804 4486 1866 4550 filii
1890 4488 1977 4570 regis

478 4576 631 4653 Henrici3
647 4581 682 4640 et
696 4576 736 4639 de
751 4575 839 4639 dicto
852 4574 947 4639 feodo
961 4574 983 4638 J
985 4576 1127 4638 ohannes
1141 4575 1181 4640 da
1197 4572 1392 4658 Ingestborp
1405 4576 1473 4653 (sic)
1484 4578 1638 4638 oneratus
1650 4573 1713 4636 tuit
1728 4574 1770 4636 de
1785 4573 1904 4637 relevio
1919 4594 1977 4635 suo

477 4683 535 4745 pro
550 4663 673 4726 duabus
688 4662 834 4746 partibus
848 4662 929 4726 dicti
945 4663 968 4727 i.
985 4683 1029 4727 m.
1046 4668 1191 4745 tempore
1205 4663 1289 4747 regis
1304 4662 1454 4726 Edwardi
1471 4662 1532 4724 filii
1548 4662 1633 4747 regis
1648 4661 1792 4738 Henrici)
1897 4661 1975 4725 nhc.

519 4802 680 4865 Tenentes
695 4807 954 4865 tenementorum
969 4802 1011 4864 de
1026 4800 1120 4864 feodo
1136 4799 1339 4864 (iloueestrie
1354 4800 1389 4863 in
1412 4801 1579 4866 Rarum
1594 4804 1711 4863 tenent
1734 4820 1790 4882 per
1805 4800 1976 4863 servicium

476 4891 574 4953 unius
588 4890 748 4975 quartarii
762 4888 787 4955 f.
802 4909 847 4954 m.
864 4890 904 4952 de
921 4890 1010 4952 dicto
1025 4889 1147 4952 comite
1200 4926 1820 4940 -------
1908 4909 1938 4949 x.
1949 4910 1974 4951 e.

476 5099 480 5104 q
517 5024 659 5089 Thomas
685 5025 768 5088 Neel
791 5030 825 5088 et
851 5024 1011 5089 Katerina
1036 5030 1141 5087 mater
1167 5024 1239 5110 ejus
1263 5028 1377 5089 tenant
1407 5026 1597 5086 tenementa
1626 5042 1683 5086 sua
1712 5024 1747 5087 iu
1778 5024 1912 5090 Karnou
1942 5030 1976 5087 et

475 5115 640 5180 anunau
655 5133 713 5196 per
727 5112 898 5177 servicium
914 5113 959 5177 di.
976 5112 1000 5178 f.
1016 5132 1062 5177 m.
1079 5112 1120 5175 de
1135 5109 1308 5175 heredibus
1323 5110 1458 5175 Roberti
1473 5108 1512 5173 de
1527 5108 1712 5188 Tateshale,
1728 5130 1791 5193 que
1811 5111 1911 5193 Hugo
1934 5112 1974 5173 de

477 5199 651 5284 Sprouston
667 5199 830 5285 quondam
847 5201 955 5263 tenuit
978 5235 1799 5251 ---------
1886 5219 1973 5264 aaa.

517 5334 656 5399 Thomas
670 5337 712 5400 de
727 5335 925 5401 Shardalovre
940 5341 1032 5400 tanet
1047 5339 1238 5399 tenemeuta
1253 5332 1360 5397 suain
1376 5333 1564 5399 Hauonrou
1592 5352 1649 5415 per
1674 5334 1847 5397 servicium
1874 5336 1973 5398 tercie

473 5426 575 5507 partis
590 5426 686 5487 unius
701 5424 857 5507 quarterii
871 5424 894 5488 f.
911 5444 954 5489 m.
970 5443 1034 5507 que
1047 5422 1210 5491 Walterus
1225 5420 1266 5485 de
1280 5421 1519 5487 Bernardeston
1533 5420 1697 5505 quondam
1713 5422 1839 5594 teniqlit⁸
1867 5506 1916 5593 mj
1937 5506 1961 5570 d

517 5648 701 5716 Willelmus
716 5648 756 5711 de
771 5647 954 5710 Kerdeston
969 5651 1062 5711 tenet
1075 5645 1256 5709 manerium
1271 5644 1310 5707 de
1324 5642 1539 5711 Svunsrnaun
1554 5664 1611 5727 per
1625 5644 1794 5709 servicium
1809 5643 1833 5730 j.
1843 5643 1866 5710 f.
1876 5664 1920 5709 m.
1932 5645 1973 5707 de

472 5735 645 5799 heredibus
660 5734 819 5802 Willelmi
834 5734 874 5797 de
890 5734 1028 5797 Narford
1083 5770 1805 5784 --------
1894 5731 1938 5797 xl.
1947 5755 1972 5797 a.

515 5871 671 5935 Ricardns
694 5871 790 5955 Plays
815 5873 906 5934 tenet
929 5870 964 5932 in
992 5870 1130 5947 Tonans,
1160 5867 1342 5946 Snmroau,
1361 5866 1474 5934 Soura
1490 5867 1613 5946 Gaavn,
1631 5868 1749 5933 Nonrn
1763 5867 1922 5934 Baasuau
1938 5873 1974 5931 et

472 5958 659 6028 Bursauone
673 5956 698 6043 j.
714 5957 737 6022 f.
753 5979 797 6023 m.
813 5957 899 6045 quod
915 5956 1053 6041 Egidius
1069 5957 1108 6020 da
1122 5955 1221 6039 Plays
1235 5954 1399 6043 quondam
1414 5955 1524 6021 tenuit
1593 5994 1602 6005 -
1691 5994 1705 6015 ι
1793 5994 1805 6008 -
1893 5955 1971 6024 xl.s.
