5000 7050
1126 1077 1211 1144 Ali
1234 1079 1331 1146 1346.
1913 1075 1978 1142 208

522 1358 616 1424 Prior
640 1362 682 1425 de
707 1361 877 1444 Spsldyng
902 1368 993 1426 tenet
1009 1362 1051 1447 vj.
1073 1367 1199 1448 portem
1221 1363 1248 1447 j.
1264 1365 1287 1428 l.
1304 1365 1338 1427 in
1363 1365 1516 1429 Kmsoss
1540 1363 1741 1428 limosos?
1766 1369 1801 1424 er
1826 1362 1978 1439 mmor,

480 1468 579 1531 quam
593 1448 758 1513 Walterus
772 1449 814 1512 de
829 1448 950 1513 Osevill
967 1451 1131 1533 quondam
1147 1454 1267 1516 tenuit.

524 1582 665 1648 Thomas
690 1586 731 1649 de
756 1585 905 1671 Barnsby
927 1592 1018 1654 tenet
1043 1587 1086 1671 vj.
1103 1598 1227 1672 partem
1243 1589 1268 1673 j.
1284 1588 1307 1652 i.
1323 1590 1357 1652 in
1382 1589 1502 1651 eisdem
1531 1588 1626 1666 villis,
1649 1607 1728 1670 quas
1755 1585 1917 1650 Walterus
1939 1585 1980 1648 de

482 1670 601 1734 Osevill
616 1673 780 1754 quondam
794 1676 915 1739 tenuit.

524 1805 688 1870 Walterus
702 1810 743 1874 de
756 1807 994 1895 'l'hrilringhsm
1010 1817 1104 1876 tonet
1119 1812 1182 1898 iiij.
1198 1816 1325 1895 portem
1342 1831 1396 1876 un.
1413 1811 1436 1877 f.
1451 1813 1486 1874 in
1503 1813 1806 1895 P11rwosrn‚qusm
1823 1809 1980 1872 Ricardus

482 1893 582 1977 Cosyn
600 1896 763 1978 quondam
778 1899 898 1963 tenuit.

525 2030 792 2186 Thpmssoewsire
818 2041 911 2112 toust
936 2037 987 2123 iij.
1003 2043 1132 2120 portem
1157 2039 1183 2124 j.
1198 2038 1223 2104 f.
1239 2039 1275 2102 in
1302 2039 1414 2108 Soura
1436 2039 1579 2117 Boram,
1595 2058 1694 2120 quam
1716 2037 1866 2101 Johannr
1881 2033 1982 2098 Wake

481 2140 566 2203 quon
590 2141 644 2184 am
692 2142 777 2187 nur.

903 2440 1018 2506 Fsool
1041 2439 1262 2508 JOHANNIS
1286 2440 1346 2507 DE
1371 2439 1569 2508 BAYOOIS.

527 2600 613 2664 Item
628 2601 743 2664 dicunt
755 2602 842 2686 quod
853 2627 907 2668 :—

526 2737 684 2802 Ricardus
698 2739 738 2802 de
753 2739 939 2826 Wylughby
954 2747 1045 2807 tenet
1060 2741 1124 2829 iiij.
1140 2749 1270 2827 portem
1282 2742 1307 2827 j.
1325 2741 1348 2806 f.
1364 2741 1399 2803 in
1417 2741 1630 2818 Urmoror,
1646 2760 1745 2822 quom
1771 2739 1917 2822 Rogerus
1943 2739 1984 2803 de
2120 2713 2124 2720 ι

483 2823 660 2911 Offyngton
676 2827 839 2910 quondam
854 2831 974 2894 tenuit.

527 2963 629 3029 Heres
644 2965 810 3051 Rodulphi
825 2968 867 3032 de
881 2967 1002 3033 Sancto
1016 2969 1130 3032 Laudo
1144 2975 1236 3033 tenet
1250 2969 1314 3054 iiij.
1330 2972 1455 3052 portem
1465 2967 1492 3051 j.
1509 2968 1532 3032 f.
1549 2969 1584 3031 in
1601 2967 1746 3045 Bomos,
1772 2986 1871 3050 quam
1896 2966 1983 3031 idem

483 3049 673 3136 Radulphus
687 3055 850 3137 quondam
865 3059 986 3121 tenuit.

525 3181 676 3248 Johsnna
702 3186 827 3270 Bayous
850 3194 945 3253 tenet
968 3191 1031 3276 iiij.
1059 3195 1185 3274 portem
1208 3191 1233 3275 j.
1249 3189 1274 3255 f.
1298 3193 1333 3253 in
1361 3190 1593 3266 Emssrnosr,
1615 3209 1715 3272 quom
1740 3187 1923 3255 Willelmus
1945 3188 1987 3251 de

483 3270 612 3354 Bryous
627 3275 791 3357 quondam
806 3278 927 3342 tenuit.

528 3409 691 3474 Tenentos
711 3417 796 3475 terre
811 3412 945 3477 Roberti
968 3413 1078 3480 cokke
1095 3418 1210 3478 tenent
1225 3415 1271 3479 di.
1290 3415 1311 3478 f.
1328 3415 1363 3476 in
1381 3414 1473 3480 Sors
1488 3415 1653 3491 Wrrmrr,
1670 3413 1754 3497 quod
1771 3413 1932 3477 Robertus
1947 3413 1988 3476 de

486 3495 600 3605 mee
615 3499 778 3583 quondam
796 3502 914 3565 tenuit.

527 3634 620 3699 Prior
643 3636 828 3720 Hospitalis
853 3636 966 3702 Sancti
990 3636 1148 3703 Johsnnis
1175 3644 1267 3703 tenet
1291 3640 1338 3704 di.
1354 3639 1378 3705 f.
1405 3640 1440 3701 in
1467 3637 1593 3716 eadem,
1618 3637 1704 3720 quod
1730 3637 1891 3702 Robertus
1920 3638 1988 3703 cok

455 3739 458 3743 ⁴
483 3724 648 3805 quondam
662 3726 783 3790 tenuit.

528 3858 688 3922 Robertus
712 3860 753 3923 de
778 3861 934 3924 Helewell
960 3869 995 3925 et
1018 3862 1177 3926 Robertus
1193 3864 1233 3926 de
1248 3861 1411 3946 Compton
1434 3867 1549 3925 tenent
1570 3861 1616 3925 di.
1631 3862 1655 3926 f.
1671 3863 1706 3923 in
1726 3860 1887 3941 Srmnnr,
1904 3863 1989 3945 quod

484 3944 659 4009 Nioholaus
675 3945 716 4010 de
732 3946 894 4031 Compton
909 3950 1073 4033 quondam
1089 3951 1209 4016 tonuit.

530 4084 690 4147 Dominus
712 4107 769 4149 rex
791 4092 883 4149 tenet
904 4088 955 4173 iij.
978 4094 1106 4171 partem
1128 4095 1163 4151 et
1185 4088 1229 4153 xl.
1254 4094 1377 4171 partem
1406 4088 1431 4171 j.
1455 4087 1479 4151 f.
1503 4088 1538 4150 in
1567 4088 1670 4166 Boos,
1695 4106 1792 4171 quom
1820 4088 1991 4171 episeopus

484 4170 716 4235 Dunolmensis
730 4174 894 4256 quondam
909 4176 1032 4239 tenuit.
1905 4236 1909 4243 .

531 4309 625 4373 Prior
638 4311 679 4373 de
696 4311 872 4395 Haveryng
890 4316 1016 4390 (rectius
1031 4312 1241 4391 Haverholm)
1260 4318 1349 4376 tenet
1362 4312 1441 4397 xvij.
1458 4318 1582 4394 partem
1597 4312 1622 4397 j.
1638 4311 1662 4377 f.
1678 4313 1711 4374 in
1727 4312 1849 4377 eadem.

530 4447 621 4510 Prior
636 4446 755 4511 Sancte
771 4448 929 4513 Katerino
945 4456 1035 4514 tenet
1050 4452 1109 4536 xij.
1125 4456 1254 4533 partem
1270 4450 1305 4513 in
1321 4452 1444 4514 eadem.

530 4585 694 4649 lohannes
718 4586 759 4649 de
784 4585 920 4650 Stonore
945 4592 1038 4651 tenet
1061 4589 1107 4653 di.
1124 4588 1148 4652 s.
1165 4589 1199 4651 in
1225 4589 1482 4667 Rssrsrronms,
1497 4588 1583 4671 quod
1599 4586 1703 4651 Adam
1729 4587 1818 4650 filius
1833 4586 1991 4672 Johsnpis

486 4673 652 4755 quondam
666 4675 787 4738 tenuit.

531 4809 623 4873 Idem
647 4810 811 4874 Johsrmes
838 4811 974 4875 Stonore
1001 4816 1094 4875 tenet
1109 4814 1201 4898 xviij.
1217 4818 1344 4895 partem
1359 4813 1383 4897 j.
1399 4811 1423 4876 f.
1440 4812 1475 4873 in
1493 4812 1655 4889 Krssosr,
1671 4832 1769 4895 quam
1784 4811 1872 4875 idom
1887 4812 1992 4876 Adam

487 4896 653 4982 quondam
668 4900 788 4963 tonuit.
804 4964 809 4973 ,

531 5016 693 5099 Robertus
705 5036 746 5099 de
762 5034 869 5120 Thorp
885 5042 979 5101 tenet
993 5037 1077 5123 iiij¹¹
1093 5043 1217 5121 portem
1232 5038 1258 5122 j.
1274 5037 1297 5098 f.
1313 5038 1347 5098 in
1364 5038 1489 5117 Tuom,
1506 5057 1604 5123 quom
1629 5036 1790 5101 Robertus
1815 5038 1857 5102 de
1884 5036 1993 5125 Thorp

488 5123 651 5206 quondam
666 5126 787 5188 tenuit.
1464 5134 1466 5139 '

489 5354 503 5409 t
531 5260 693 5411 Ropertus
706 5260 793 5324 filius
808 5261 889 5345 Elye
904 5268 995 5326 tenet
1008 5263 1046 5347 ij.
1064 5269 1173 5347 partes
1187 5263 1212 5349 j.
1230 5261 1254 5328 f.
1271 5264 1306 5327 in
1323 5264 1496 5340 Msssrou,
1511 5284 1591 5349 quas
1607 5262 1767 5327 Robertus
1783 5262 1823 5325 de
1845 5263 1992 5326 Merston

505 5367 580 5411 onur
599 5398 607 5413 .

531 5484 714 5548 Normanus
737 5486 778 5549 do
804 5484 971 5569 Swyniord
997 5490 1089 5550 tenet
1117 5489 1161 5552 di.
1188 5488 1212 5553 f.
1236 5490 1273 5551 in
1304 5488 1566 5567 Briororwrm,
1596 5488 1681 5573 quod
1712 5486 1876 5551 Johsnnos
1905 5486 1993 5551 filius

490 5570 647 5635 Johsnnis
662 5573 702 5636 de
717 5572 937 5636 Braunoswell
952 5574 1071 5637 tenuit.

532 5708 624 5773 Prior
638 5710 820 5795 Hospitalis
835 5717 930 5774 tonet
945 5711 1008 5797 iiij.
1027 5690 1153 5794 psrtom
1167 5712 1192 5796 j.
1208 5712 1231 5776 l.
1248 5714 1283 5774 in
1299 5714 1426 5792 eadem,
1441 5734 1539 5797 quam
1556 5712 1714 5797 magister
1728 5712 1851 5775 milicie
1866 5710 1994 5793 Templi

491 5796 653 5879 quondam
667 5802 789 5865 tenuit.

534 5934 625 5999 Prior
638 5939 679 6002 de
694 5940 896 6006 Haverholm
912 5945 1005 6004 tenet
1019 5939 1084 6024 iiij.
1099 5942 1225 6021 partem
1240 5939 1266 6024 j.
1283 5940 1306 6005 f.
1323 5940 1358 6002 in
1372 5938 1497 6004 eodem.
