5000 7050
1131 1108 1212 1173 An).
1237 1109 1332 1174 1302.
1912 1105 1975 1170 401

514 1398 669 1462 Ricardua
692 1397 779 1461 filius
805 1396 944 1462 Simonis
969 1402 1061 1464 tenet
1084 1400 1119 1463 in
1145 1399 1303 1465 Boxnnou
1327 1401 1475 1484 quartam
1502 1403 1632 1483 partem
1663 1398 1687 1462 1.
1713 1418 1759 1461 m.
1783 1396 1825 1460 de
1854 1394 1973 1459 comite

471 1486 685 1563 Glouoestrie,
700 1492 732 1549 et
749 1486 833 1549 idam
852 1505 958 1550 comes
972 1487 1012 1551 de
1026 1508 1111 1572 rege.

512 1623 676 1687 Johannes
701 1622 741 1686 da
765 1621 848 1685 Auia
873 1621 913 1685 de
938 1620 1085 1686 Boketon
1112 1628 1205 1687 tenet
1227 1622 1263 1685 in
1289 1622 1445 1687 Bonnrou
1469 1622 1619 1701 quart-am
1644 1619 1767 1700 partem
1782 1614 1809 1698 j.
1827 1614 1850 1679 f.
1866 1634 1912 1677 m.
1929 1612 1969 1675 dc

468 1710 608 1774 Roberto
622 1710 690 1774 filio
705 1708 841 1773 Walteri
857 1715 892 1773 et
907 1708 992 1773 idem
1009 1709 1168 1774 Robertua
1183 1710 1223 1773 dc
1239 1710 1371 1772 dominc
1386 1727 1469 1791 rege.

509 1846 649 1911 Thomna
670 1846 711 1910 dc
737 1845 984 1931 Ingaldesthorp
1009 1850 1102 1911 tenet
1128 1847 1164 1909 in
1187 1846 1462 1917 Wrunaonnanau
1492 1848 1641 1929 quartam
1669 1846 1795 1925 partem
1825 1839 1849 1905 f.
1866 1859 1911 1902 m.
1928 1838 1968 1901 de

465 1936 586 1999 comite
601 1934 790 2002 Warrennie
805 1940 839 1997 et
854 1955 960 1998 comes
975 1935 1015 1998 de
1030 1933 1162 1999 domino
1177 1955 1266 2019 rege.
1998 1938 2005 1949 '

509 2070 666 2135 Ricardua
688 2070 727 2135 de
751 2070 910 2153 Almanye
939 2078 973 2136 et
997 2070 1172 2135 Gundreda
1197 2091 1278 2135 uxor
1303 2090 1362 2135 sua
1390 2074 1425 2133 et
1454 2067 1595 2132 Matilda
1618 2068 1659 2131 de
1685 2065 1758 2131 Dcn
1786 2070 1902 2131 tenent
1930 2068 1966 2130 iu

464 2158 694 2225 Bnnnawnnnu
708 2157 922 2222 medietatem
937 2158 961 2224 f.
977 2179 1022 2223 m.
1039 2158 1080 2223 de
1096 2159 1249 2244 episcopo
1265 2158 1402 2242 Elyenai
1418 2161 1452 2221 et
1468 2158 1634 2239 episcopus
1650 2156 1689 2219 de
1704 2154 1837 2218 domino
1856 2174 1942 2238 rege.

508 2294 666 2359 Robertua
682 2292 742 2358 cat
756 2300 791 2359 ct
806 2294 966 2379 Margeria
981 2315 1068 2358 acror
1083 2315 1140 2358 aua
1156 2298 1270 2359 tenent
1284 2294 1318 2357 in
1337 2294 1566 2360 Bnnnswnnnn
1582 2293 1713 2357 terciam
1739 2296 1862 2375 partem
1879 2293 1901 2357 f.
1919 2314 1962 2358 m.

462 2383 502 2447 de
517 2382 656 2468 Hugone
670 2381 805 2447 Bardolf
815 2386 850 2447 et
864 2383 951 2447 idern
968 2382 1066 2468 Hugo
1080 2382 1121 2445 da
1135 2382 1268 2446 domino
1282 2400 1367 2467 rege.

505 2517 669 2583 Walterua
698 2518 739 2584 de
768 2518 898 2581 Estmor
926 2523 1019 2583 tenet
1046 2520 1081 2581 in
1113 2518 1282 2585 nonnam
1312 2516 1402 2601 xxiij.
1431 2523 1559 2601 partem
1588 2516 1612 2583 f.
1643 2536 1688 2581 m.
1721 2515 1762 2579 de
1791 2516 1964 2581 heredibus

462 2604 618 2669 Willelmi
633 2606 674 2670 de
690 2604 857 2685 Nareford‚
871 2610 905 2669 at
921 2606 1022 2670 iidem
1037 2603 1166 2671 heredes
1181 2606 1222 2668 de
1237 2607 1357 2670 comite
1373 2604 1586 2682 Glouoeatrie,
1603 2607 1637 2667 et
1651 2623 1758 2667 cornea
1773 2603 1813 2669 de
1832 2604 1963 2668 domino

460 2713 545 2779 rege.

990 2938 1209 3006 Huunnnnnu
1233 2958 1277 3005 nn
1299 2937 1431 3006 HOLT.

503 3099 681 3187 Inquiaicio
705 3100 791 3163 facta
816 3102 903 3185 apud
929 3100 1011 3165 Holt
1040 3102 1079 3165 de
1109 3102 1211 3165 feodis
1237 3101 1437 3165 militaribus
1461 3102 1497 3164 in
1522 3098 1692 3164 hundredo
1717 3101 1759 3164 de
1785 3102 1877 3179 Holt,
1903 3123 1961 3186 per

458 3186 619 3271 RQerum
634 3188 675 3251 de
689 3187 814 3265 Parere,
829 3188 1049 3269 Reginaldum
1063 3190 1103 3253 de
1120 3188 1260 3274 Reppea,
1276 3188 1440 3253 Simonem
1454 3188 1496 3252 de
1511 3186 1627 3265 Boaco,
1650 3187 1806 3251 Jacobum
1823 3188 1958 3275 Utlagh,

457 3273 634 3339 Radulfum
672 3273 844 3355 Stubbard,
878 3276 1053 3340 Ricardum
1090 3274 1292 3361 Pynceware,
1330 3274 1533 3340 Clementem
1575 3274 1734 3353 Chartrea,
1778 3276 1958 3342 Heurioum

456 3360 638 3441 Overmore‚
653 3361 757 3424 Adam
774 3361 896 3445 Otcwy‚
913 3363 1089 3431 Radulium
1105 3363 1134 3427 le
1149 3362 1236 3446 May,
1253 3363 1388 3427 Petrum
1404 3362 1590 3446 Pinkeneye
1605 3366 1641 3426 et
1656 3361 1838 3427 Johannem
1853 3364 1958 3429 filium

455 3450 587 3532 Thome,
604 3451 661 3536 qui
678 3449 795 3513 dicunt
809 3448 867 3515 &c

498 3643 681 3710 Willatmua
695 3643 727 3708 lc
742 3643 806 3708 Roa
820 3649 911 3708 tenet
926 3647 962 3708 in
978 3645 1074 3712 Horu
1088 3649 1122 3708 et
1137 3644 1249 3711 Gnnru
1265 3644 1306 3708 de
1321 3641 1500 3706 hereditate
1517 3643 1669 3706 Matildia
1694 3643 1801 3706 uxoria
1824 3644 1895 3727 ejua
1921 3646 1957 3710 in

450 3728 546 3795 feodo
568 3735 602 3795 et
618 3733 652 3795 in
667 3731 829 3796 dominico
840 3731 867 3816 j.
884 3731 906 3797 i.
923 3753 966 3797 m.
984 3737 1019 3796 et
1034 3733 1078 3797 di.
1094 3736 1129 3796 et
1146 3751 1247 3795 unum
1263 3732 1463 3816 quarterium
1479 3730 1519 3794 de
1535 3732 1656 3794 comite
1671 3731 1711 3794 de
1727 3729 1956 3812 Haubemarlc,

452 3823 488 3881 et
502 3819 590 3883 idem
604 3817 646 3882 de
662 3819 795 3882 domino
810 3839 885 3905 rege
899 3821 953 3884 i.c.

495 3953 671 4018 Petronilla
685 3953 726 4018 dc
742 3953 898 4018 Nerciord
912 3959 1004 4020 tenet
1014 3955 1041 4039 j.
1058 3954 1080 4020 f.
1097 3975 1140 4020 m.
1156 3959 1191 4019 et
1205 3955 1250 4020 di.
1268 3960 1302 4018 et
1318 3973 1420 4018 unum
1436 3912 1686 4040 quarterium-in
1701 3955 1799 4019 dictio
1813 3954 1901 4020 rillio
1915 3958 1955 4022 de

449 4041 539 4106 dioto
552 4043 685 4123 comite,
703 4048 738 4106 et
753 4042 841 4106 idem
856 4043 896 4106 de
910 4042 1042 4107 domino
1057 4062 1134 4127 rege
1150 4043 1203 4107 i.c.

492 4176 634 4263 Rogerua
646 4256 647 4260 Ἰ
659 4177 701 4242 dc
725 4177 855 4243 Pererea
877 4184 911 4243 et
932 4185 1082 4244 tenentes
1108 4179 1160 4242 aui
1176 4183 1291 4244 tenent
1304 4177 1345 4242 de
1361 4178 1450 4242 dicta
1462 4177 1641 4242 Petronilla
1650 4178 1678 4263 j.
1694 4177 1718 4244 f.
1735 4200 1779 4246 m.
1795 4182 1829 4245 in
1846 4181 1951 4263 Horu,

450 4265 675 4346 anunanrn,
691 4267 876 4333 Eccurunn
891 4272 927 4330 et
947 4267 1164 4352 Honnwoann
1191 4267 1230 4330 de
1258 4266 1346 4329 dicta
1372 4264 1561 4344 Petronilla‚
1586 4267 1625 4329 de
1650 4267 1739 4331 dicto
1762 4272 1893 4346 comite,
1919 4279 1954 4335 et

450 4352 540 4417 idem
555 4353 595 4418 dc
609 4353 741 4418 domino
755 4374 833 4440 rege
847 4355 901 4418 i.‹·.

489 4490 609 4575 Agnes,
640 4511 703 4576 qne
731 4490 798 4554 fuit
828 4510 906 4554 uxor
929 4489 1020 4553 Petri
1045 4491 1085 4554 de
1110 4490 1310 4573 Leringsete,
1334 4496 1369 4554 et
1396 4496 1545 4555 tenentes
1570 4493 1621 4554 nui
1646 4496 1761 4556 tenent
1786 4493 1826 4556 dc
1852 4494 1951 4559 dictio

446 4577 615 4641 willelmo
637 4585 672 4642 ct
698 4577 876 4642 Petronillc
898 4579 933 4641 in
956 4577 1062 4656 Hom,
1087 4578 1312 4657 Lunmcanrn,
1338 4578 1547 4659 Sumnnnou,
1579 4579 1746 4659 Buranun,
1778 4580 1949 4663 Knmruo,

446 4663 651 4731 Gnanuroau
667 4669 701 4727 et
717 4665 861 4732 Bonnam
877 4665 912 4750 ij.
930 4666 952 4730 f.
969 4685 1012 4730 m.
1028 4665 1069 4729 de
1084 4665 1181 4729 dictis
1196 4664 1362 4729 Willelmo
1377 4671 1412 4729 ct
1427 4666 1618 4744 Petronilla,
1634 4674 1669 4730 et
1684 4667 1782 4730 iidem
1798 4669 1838 4732 de
1860 4671 1950 4734 dicto

443 4753 578 4830 comite,
592 4757 626 4816 et
641 4771 749 4816 comes
764 4754 804 4816 de
820 4772 896 4837 rege
911 4753 965 4817 i.c.

487 4887 668 4952 Willelmua
683 4888 793 4973 Hervy
808 4895 843 4953 et
858 4890 1034 4972 percenarii
1047 4890 1099 4953 aui
1115 4893 1231 4952 tenent
1245 4909 1348 4952 unum
1364 4891 1563 4974 quarterium
1575 4891 1602 4976 j.
1620 4892 1644 4955 f.
1659 4893 1694 4956 in
1718 4893 1882 4978 Eonrnnn
1905 4895 1946 4959 de

441 4975 539 5040 diotia
556 4975 720 5039 Willclmo
735 4985 771 5040 ct
785 4975 965 5041 Petronilla
979 4982 1013 5040 et
1027 4977 1127 5040 iidem
1143 4977 1183 5040 de
1197 4976 1286 5040 dicto
1301 4984 1420 5040 comite
1435 4984 1470 5042 et
1484 4997 1591 5042 comes
1608 4979 1748 5063 detege.

485 5112 653 5177 Galiridua
679 5112 709 5176 le
736 5112 806 5178 Sire
832 5118 923 5178 tanet
949 5113 1235 5177 sextamdecimam
1261 5118 1387 5197 partem
1406 5113 1432 5198 j.
1449 5114 1471 5179 f.
1490 5136 1534 5180 m.
1559 5116 1600 5179 de
1616 5115 1715 5180 dictis
1730 5116 1896 5183 Willelmo
1910 5124 1945 5183 et

441 5199 619 5264 Petronilla
635 5206 668 5265 et
683 5200 784 5264 iidem
800 5200 841 5265 de
856 5201 945 5264 dicto
960 5201 1079 5264 comite
1095 5207 1130 5264 et
1145 5220 1253 5264 comes
1270 5202 1310 5265 de
1324 5222 1400 5286 rege
1415 5203 1468 5267 i.c.

481 5336 574 5402 Prior
603 5341 639 5400 et
667 5341 846 5401 conventus
875 5337 917 5401 da
949 5337 1110 5401 Wabnrne
1141 5342 1259 5401 tenent
1288 5357 1408 5402 nonam
1438 5344 1566 5421 partem
1592 5339 1620 5424 j.
1647 5340 1672 5405 f.
1699 5359 1744 5406 m.
1775 5342 1816 5406 de
1847 5341 1945 5407 dictis

440 5423 602 5489 Willelmo
616 5429 651 5490 et
666 5424 845 5490 Petrouilla
860 5430 895 5489 et
910 5424 1012 5488 iidem
1027 5425 1066 5488 de
1081 5425 1171 5489 dicto
1186 5425 1309 5489 comite
1324 5430 1359 5489 et
1374 5430 1482 5489 comen
1500 5426 1541 5490 dc
1557 5447 1633 5513 rege
1648 5428 1699 5493 i.c.

479 5559 645 5626 Jchannca
658 5561 699 5626 dc
713 5559 880 5639 Oolrcield,
895 5567 1044 5626 tenentes
1059 5568 1094 5626 ct
1108 5563 1285 5646 percenarii
1302 5564 1365 5641 ani,
1380 5567 1494 5627 teuent
1509 5567 1545 5628 in
1560 5565 1713 5645 Mnunorr,
1732 5566 1942 5648 samonum,

436 5647 600 5751 Lmouau
617 5657 649 5713 et
667 5649 863 5718 Suranunun
878 5649 927 5736 iij.
944 5649 967 5714 f.
984 5657 1017 5713 et
1032 5649 1078 5714 di.
1095 5655 1130 5713 et
1145 5669 1250 5713 unum
1266 5652 1466 5735 quarterium
1490 5652 1531 5715 de
1556 5654 1706 5736 episcopo
1731 5661 1767 5717 et
1790 5654 1879 5718 idam
1902 5657 1942 5719 de

437 5756 513 5820 rege
526 5757 581 5802 uc.

478 5871 589 5937 Simon
615 5872 655 5936 dc
677 5873 779 5937 Nocra
794 5879 887 5938 tenet
900 5875 935 5936 in
954 5872 1112 5941 Swaunon
1127 5872 1172 5936 di.
1190 5872 1213 5936 f.
1230 5891 1275 5935 m.
1293 5871 1334 5934 de
1350 5870 1492 5936 Waltero
1507 5874 1547 5937 de
1563 5872 1729 5958 Catthorp,
1743 5879 1778 5940 et
1792 5875 1881 5939 idem
1898 5877 1938 5941 da

435 5957 576 6045 Hugone
592 5959 735 6040 Barduli,
751 5966 786 6024 et
800 5961 889 6024 idem
903 5960 944 6025 de
959 5961 1122 6044 episcopo,
1136 5964 1171 6023 et
1186 5959 1358 6043 episcopua
1372 5958 1414 6023 de
1427 5981 1503 6046 rege
1517 5961 1569 6026 i.c.

506 6094 588 6149 19462
1829 6097 1878 6150 20
