5000 7050
1061 1065 1146 1147 Μ).
1167 1068 1266 1135 1428.
1845 1060 1907 1129 107

402 1349 624 1415 existentibus
639 1352 809 1418 dumtaxat
824 1358 979 1439 exceptis,
1001 1376 1098 1437 quam
1123 1356 1291 1440 cujusdam
1315 1354 1450 1421 subsidii
1466 1354 1568 1439 xiij-s.
1585 1353 1684 1438 iiiju.
1701 1352 1740 1415 de
1764 1350 1907 1433 qualibet

404 1435 564 1517 parochia
590 1439 678 1503 infra
702 1444 840 1505 eundem
867 1445 1072 1526 comitatum,
1100 1444 1197 1506 dictis
1223 1444 1412 1507 civitatibus
1441 1448 1475 1505 et
1504 1442 1613 1525 burgis
1638 1440 1793 1521 exceptio,
1818 1436 1909 1520 cujus

403 1523 545 1587 ecclesia
577 1526 620 1589 ad
653 1548 813 1598 summam
846 1530 955 1595 decem
988 1547 1168 1595 marcarum
1204 1553 1260 1615 per
1289 1551 1411 1595 aunum
1440 1534 1514 1593 ante
1548 1528 1683 1592 eandem
1708 1524 1903 1611 quindenam

401 1610 597 1691 taxabatur,
632 1620 668 1678 et
704 1617 749 1679 sic
785 1618 1069 1701 proposcionaliter
1105 1619 1303 1684 ascendendo
1339 1618 1435 1701 juxta
1470 1622 1575 1679 ratam
1614 1620 1689 1679 taxe
1729 1611 1906 1697 cujuslibet

401 1696 484 1760 talis
514 1700 650 1766 ecclesie
672 1703 777 1781 facte,
793 1707 935 1768 acaciam
960 1703 1130 1789 cujusdam
1156 1706 1293 1770 subsidii
1318 1706 1390 1791 ij.s.
1418 1706 1459 1769 de
1482 1703 1626 1785 qualibet
1647 1699 1797 1786 parochia
1821 1698 1905 1761 infra

398 1786 558 1849 civitates
596 1794 631 1853 et
666 1790 782 1875 burgos
817 1792 900 1855 disti
935 1794 1108 1856 comitatus
1143 1793 1306 1856 consimili
1342 1791 1438 1855 modo
1475 1804 1509 1855 et
1557 1790 1662 1854 forma
1708 1786 1904 1865 inhabitata,

402 1873 503 1954 cujus
539 1875 674 1947 ecclesia
710 1878 824 1941 valoris
859 1882 960 1942 annui
997 1900 1083 1945 xxo.
1120 1881 1244 1956 existit,
1274 1886 1309 1943 et
1344 1881 1389 1941 sic
1425 1877 1626 1942 ascendendo
1662 1877 1756 1961 juxta
1799 1881 1902 1937 ratam

401 1978 513 2043 usque
536 1963 578 2024 ad
601 1984 812 2047 suppremum
838 1976 873 2029 ct
898 1969 1078 2036 maximum
1093 1968 1231 2030 valorem
1258 1966 1432 2051 cujuslibet
1455 1966 1530 2029 talis
1551 1965 1684 2027 ecclesie
1707 1983 1763 2046 par
1778 1962 1905 2025 debitas

399 2048 640 2131 inquisiciones
667 2053 744 2115 inde
766 2054 941 2133 faciendae,
967 2074 1091 2118 necnon
1116 2056 1285 2139 cujusdam
1311 2054 1447 2117 subsidii
1470 2054 1548 2138 vj.a.
1565 2050 1676 2137 viijd.
1692 2051 1733 2114 de
1759 2048 1905 2134 qualibet

400 2154 544 2215 persona
558 2137 669 2201 saisita
683 2139 724 2202 de
738 2142 832 2203 terris
846 2150 881 2204 et
896 2145 1089 2205 tenementis
1104 2140 1188 2204 inira
1202 2142 1396 2205 comitatum
1411 2140 1595 2225 predictum
1610 2142 1644 2201 iu
1660 2138 1821 2201 dominico
1847 2157 1904 2200 suo

401 2226 448 2283 ut
471 2222 514 2285 de
536 2223 638 2287 libero
660 2232 857 2305 tenemento,
882 2249 945 2310 que
960 2237 1060 2292 terras
1074 2236 1108 2291 et
1122 2235 1311 2293 tenemento
1325 2230 1438 2292 eadem
1452 2248 1585 2311 persona
1599 2226 1833 2309 possessionata
1847 2245 1903 2287 seu

401 2329 547 2391 persone
562 2313 793 2394 possessionate
808 2323 900 2379 tenet
915 2336 971 2379 scu
986 2322 1099 2380 tenent
1114 2316 1291 2379 inmediate
1306 2336 1364 2398 per
1387 2316 1549 2397 integrum
1573 2310 1704 2377 feodum
1730 2312 1846 2375 militis
1872 2316 1904 2375 et

401 2396 454 2458 sie
473 2397 573 2479 juxta
597 2404 701 2463 ratam
727 2403 835 2485 usque’
852 2402 893 2465 ad
916 2408 1066 2487 quartam
1092 2410 1219 2486 partem
1242 2404 1329 2466 leodi
1345 2402 1460 2465 militis
1474 2401 1640 2479 inclusive,
1654 2398 1905 2482 possessionibus

401 2485 642 2566 temporalibus
657 2487 901 2553 decimabilibus
914 2512 952 2553 ac
967 2491 1198 2573 possessoribus
1224 2491 1401 2553 earundum
1426 2510 1483 2573 pro
1508 2487 1628 2551 eisdem
1654 2486 1905 2571 possessionibus

402 2574 564 2654 exceptis,
576 2576 645 2658 regi
660 2575 800 2639 Haurico
815 2584 905 2640 sexto
919 2579 955 2640 in
970 2578 1185 2661 parliamento
1200 2598 1257 2641 suo
1272 2578 1357 2661 apud
1373 2575 1696 2641 westmonasterium
1712 2590 1796 2637 anuo
1810 2575 1905 2657 regni

403 2659 460 2721 sui
487 2658 548 2741 vj‘0
575 2668 666 2725 tento
697 2683 716 2726 a
744 2662 835 2726 laicis
863 2665 947 2728 infra
975 2666 1169 2727 comitatum
1198 2665 1380 2748 predictum
1410 2684 1640 2741 concessorum,
1669 2661 1904 2739 solvendorum,

403 2746 563 2811 videlicet
577 2747 704 2812 dictum
720 2750 900 2815 subsidium
915 2750 1139 2835 parochiarum
1165 2753 1199 2815 in
1227 2754 1311 2815 festo
1335 2752 1543 2814 Pentecostes
1568 2751 1712 2833 proxime
1737 2750 1843 2811 futoro
1868 2769 1905 2811 ac

401 2833 536 2897 dictum
550 2834 733 2900 subsidium
747 2837 909 2902 dictorum
923 2839 1089 2903 feodorum
1101 2840 1248 2903 militum
1260 2859 1399 2902 unacum
1413 2838 1568 2922 predictis
1580 2840 1659 2900 ratis
1675 2837 1848 2899 eorundem
1863 2836 1904 2899 ad

402 2919 532 2989 festum
558 2922 748 2988 Natiuitatis
773 2924 885 2988 Sancti
901 2926 922 2989 J
924 2924 1060 2989 ohannis
1083 2926 1231 3010 Baptista
1251 2928 1394 3009 proxime
1410 2924 1568 3002 laturum,
1585 2944 1641 3008 per
1655 2924 1749 2987 breve
1765 2925 1851 3007 regis
1866 2924 1904 2987 de

402 3027 529 3093 magno
543 3009 651 3095 sigillo
666 3033 724 3075 suo
737 3018 853 3096 patens
862 3014 976 3077 datum
986 3014 1044 3099 vji⁰
1061 3013 1115 3077 die
1125 3014 1244 3098 Aprilis
1258 3015 1347 3077 dicto
1363 3033 1447 3076 anno
1459 3013 1517 3097 vjl⁰
1533 3011 1668 3096 prefatis
1684 3010 1904 3074 collectoribus

400 3096 571 3247 diffidam
601 3106 650 3249 etf
664 3119 764 3182 penes
788 3098 846 3165 has
874 3101 1050 3184 particulas
1084 3121 1261 3182 remanens,
1297 3100 1450 3164 videlicet
1478 3100 1518 3163 de
1548 3096 1734 3187 hujusmodi
1763 3098 1905 3163 subsidio

400 3184 448 3246 i'
476 3204 532 3248 em
547 3185 634 3248 utin
648 3207 747 3251 raz—
1494 3204 1496 3211 ·

862 3376 1058 3443 Dscaurros
1080 3396 1125 3442 nn
1148 3374 1458 3444 GUDLAKSTON.

442 3508 595 3574 Ecclesia
608 3510 654 3616 (1θῖ
663 3511 824 3580 Ouruuar
839 3478 971 3604 taxatur
985 3514 1027 3578 ad
1042 3484 1262 3599 xxviijsruorci
1307 3510 1507 3592 Subsidium,
1524 3510 1660 3598 xxiiija.
1756 3561 1757 3564 ,

436 3647 565 3725 ,renuo
587 3630 707 3732 pam
723 3651 765 3714 oa
789 3618 901 3715 aanor
925 3653 961 3716 ru
988 3621 1100 3716 eroes
1128 3656 1257 3716 taxatur
1279 3651 1321 3714 aa
1336 3650 1437 3733 aaa.
1455 3649 1555 3735 iujo.
1601 3647 1711 3734 (urso
1727 3649 1834 3714 reses
1851 3650 1903 3714 ose

394 3737 481 3819 quia
494 3736 676 3801 subsidium
690 3738 765 3801 inde
774 3746 931 3804 oneratur
945 3741 1080 3804 inferius
1093 3741 1178 3803 infra
1193 3741 1551 3825 maj0remsummam.)

443 3872 593 3936 Ecclesia
607 3874 645 3937 de
659 3874 869 3948 Wrmsrou
886 3882 1015 3940 taxatur
1029 3878 1071 3939 ad
1086 3876 1292 3962 xlviiimore.
1310 3873 1360 3940 di.
1407 3874 1606 3953 Subsidium,
1622 3873 1751 3960 lxiiija.
1768 3873 1869 3960 viij.d

442 4011 565 4075 Pensio
579 4015 693 4096 prioris
707 3987 891 4102 detentos
906 4017 941 4079 in
956 4017 1071 4080 eadem
1087 4021 1219 4079 taxatur
1233 4016 1275 4078 ad
1290 4035 1352 4080 c.a.
1402 4011 1530 4096 (Nihil.)

396 4222 399 4228 ,
444 4151 593 4216 maresa
607 4152 646 4216 oe
661 4133 791 4239 rosim
805 4128 936 4239 taxatur
950 4155 991 4218 aa
1006 4122 1059 4219 iv.
1074 4141 1171 4220 mala.
1188 4154 1288 4240 iuro.
1334 4152 1533 4231 euasurum,
1549 4173 1632 4217 sas.
1650 4111 1729 4217 σι’

443 4274 567 4354 Pensio
578 4273 693 4374 prioris
708 4269 749 4356 de
764 4256 891 4358 lenton
907 4265 1075 4358 ineadem
1091 4299 1220 4358 taxatur
1234 4292 1275 4356 ad
1292 4313 1354 4358 us.
1404 4261 1531 4372 (Nihil.)
1631 4287 1633 4290 ’

397 4473 405 4510 4
426 4427 593 4530 ‚Ecclesia
608 4429 648 4493 d'e
664 4429 823 4502 Euunsan
838 4437 968 4501 taxatur
982 4431 1195 4499 adxumorc.
1241 4429 1439 4508 Subsidium,
1457 4449 1542 4495 xxo.
1586 4443 1591 4455 ·

447 4567 567 4630 Pensio
581 4569 695 4652 prioris
710 4569 751 4633 de
766 4568 924 4634 Oadewell
939 4572 974 4633 in
989 4571 1101 4661 eadem
1116 4573 1247 4634 taxatur
1263 4569 1303 4632 ad
1317 4567 1395 4632 xla.
1444 4564 1574 4646 (Nihil.)

406 4667 647 4769 --soeiesa'oe
662 4707 836 4774 ramosa
851 4670 1037 4771 taxatum
1051 4707 1199 4773 xime.
1246 4704 1558 4791 aususausus.
1577 4703 1678 4793 aja.

414 4923 422 4930 r
444 4842 589 4906 Ecclesia
603 4843 644 4906 de
658 4844 946 4932 Baaurruoruoas
960 4847 1090 4911 taxatur
1104 4843 1146 4907 ad
1160 4865 1294 4912 numo.
1341 4841 1541 4943 Subsidium,
1556 4840 1660 4938 xiij-e.
1677 4840 1738 4927 iiij.
1747 4839 1779 4904 d.

423 4959 432 5053 ¹,
444 4967 591 5050 Ecclesia
614 4977 655 5040 de
670 4977 779 5043 Psavs
804 4978 982 5044 Passurus
1006 4982 1137 5041 taxatur
1160 4977 1200 5039 ad
1216 4978 1377 5062 viimam.
1424 4973 1622 5054 Subsidium,
1638 4972 1733 5054 nihil,
1749 4975 1826 5059 quia
1839 4993 1904 5037 non
1920 4987 1922 4994 ⁴

399 5072 478 5129 sunt
498 5065 622 5128 ibidem
647 5065 759 5129 decem
780 5063 1007 5130 inhabitantes
1032 5065 1201 5130 domicilia
1224 5069 1386 5143 tenentes,
1413 5069 1452 5127 ut
1477 5062 1559 5126 dicti
1584 5061 1769 5126 collectores
1791 5061 1905 5146 dicunt

401 5172 501 5240 super
514 5157 878 5248 sacramentum,suum.
917 5199 921 5207 ‚
989 5222 992 5226 ,

393 5285 398 5292 ’
444 5289 562 5352 Pensio
577 5266 693 5369 prioris
707 5287 748 5351 de
765 5275 877 5350 Lauda
893 5271 928 5350 iu
944 5257 1057 5352 eadem
1071 5290 1204 5353 taxatur
1217 5287 1260 5350 ad
1277 5249 1380 5373 xiiia
1397 5284 1501 5372 1qu
1552 5281 1676 5372 [untia
1692 5282 1828 5372 ceored]

443 5425 588 5490 Ecclesia
602 5425 643 5490 de
658 5424 781 5526 Maura
796 5425 952 5493 Pnsnruo
966 5430 1101 5501 taxatur
1110 5427 1152 5490 ad
1168 5427 1260 5518 rviij.
1272 5450 1369 5493 marc.
1410 5423 1621 5504 Subsidium,v
1630 5423 1764 5510 xxiiija.

394 5561 819 5716 Η.ἒῑωίᾳξζίειᾶ(ἰθ,Ἧιιιιιι
835 5583 917 5641 ,cum
943 5566 1093 5648 porcione
1117 5567 1253 5660 rectoris
1277 5569 1409 5630 taxatur
1437 5563 1477 5632 ad
1507 5563 1551 5648 ia
1562 5585 1660 5630 oraro.
1680 5621 1684 5630 ,
1706 5560 1910 5643 Subsidium,

401 5661 487 5742 ηδε.
501 5675 571 5741 vuJ.
610 5698 618 5714 .
1782 5705 1797 5714 r.

440 5789 748 5876 recuparasse
763 5769 1039 5872 wasers-earam
1053 5796 1186 5889 matur
1201 5791 1242 5854 ao
1258 5788 1344 5875 aas,
1355 5787 1424 5872 viij.
1435 5784 1469 5862 a,
1519 5783 1648 5864 usur.)

437 5930 552 5997 Porcio
566 5890 754 6034 abbatis'kde
769 5927 954 6032 Lepcestria
968 5929 1005 5992 in
1017 5928 1132 5994 cadem
1147 5930 1277 6026 taxatur
1292 5926 1333 5990 ad
1348 5923 1428 6010 rja.
1444 5919 1512 6006 viij.
1523 5918 1556 5998 d.
1603 5917 1733 6004 (Nipil.)
