5000 7050
571 1045 634 1111 840
1065 1048 1097 1091 ⁵
1210 1044 1419 1114 LINOOLN.

570 1336 700 1400 feodum
724 1337 841 1401 militis
866 1345 924 1401 eut
944 1336 1042 1421 juxte
1066 1344 1170 1403 retem
1197 1358 1297 1423 usque
1321 1338 1363 1402 sd
1388 1336 1490 1426 iiijtun
1513 1344 1640 1423 partem
1664 1338 1752 1403 feodi
1777 1338 1895 1402 militis
1909 1335 2068 1401 inclusive

570 1425 821 1505 possessionibus
835 1425 1066 1509 temporalibus
1080 1426 1292 1489 decimalibus
1307 1427 1567 1512 quibuscumque
1582 1448 1619 1491 sc
1640 1425 1871 1511 possessoribus
1892 1424 2067 1489 eorundem

569 1532 627 1593 pro
642 1513 764 1575 eisdem
780 1514 922 1595 exceptis
936 1515 1008 1597 regi
1021 1516 1056 1576 in
1072 1514 1286 1597 parliamento
1301 1535 1358 1577 suo
1373 1516 1519 1598 predicto
1533 1516 1567 1577 in
1581 1516 1684 1578 forms
1698 1515 1844 1598 predicte
1854 1533 2014 1592 concesso,
2027 1533 2066 1575 eo

570 1600 655 1682 quod
670 1599 760 1663 nulle
775 1598 962 1683 hujusmodi
976 1620 1111 1685 persons
1134 1602 1201 1664 sive
1225 1622 1359 1684 persone
1381 1603 1423 1667 de
1446 1602 1635 1687 hujusmodi
1658 1603 1752 1666 terris
1776 1603 1843 1665 sive
1866 1602 2066 1664 tenementis

567 1686 677 1833 pieisits
701 1687 752 1749 vel
775 1690 882 1751 seisite
908 1688 992 1752 infre
1017 1690 1186 1752 civitatem
1212 1695 1272 1753 sut-
1295 1689 1448 1754 suburbie
1471 1690 1616 1775 predicte
1640 1690 1754 1754 existit
1778 1694 1837 1752 eut
1851 1689 2011 1766 existunt,
2025 1696 2063 1752 ut

593 1774 685 1836 icunt
699 1781 760 1840 ete.

966 1910 1102 1975 Summa
1117 1916 1243 1995 recepte
1253 1911 1417 1998 r—viij.li.
1433 1915 1533 1979 xixo,
1548 1913 1618 2000 viij.
1629 1916 1662 1980 d.

883 2051 964 2128 (The
978 2050 1075 2116 ceole
1090 2051 1130 2133 of
1138 2051 1187 2115 tlrc
1194 2051 1362 2134 sorcqoicp
1378 2062 1510 2117 account
1524 2053 1553 2116 is
1568 2052 1748 2131 cancelted.)

1067 2335 1549 2345 Μ

1183 2534 1281 2605 A.D.
1325 2532 1439 2605 1431.

606 2719 768 2784 Henricus
793 2720 848 2783 dei
876 2719 982 2805 gretie
1007 2738 1062 2783 rex
1089 2719 1205 2803 Anglie
1235 2724 1297 2784 ete.
1329 2719 1459 2782 dilectis
1488 2719 1549 2782 sibi
1579 2719 1715 2783 Ricerdo
1746 2720 1856 2803 Hegh,
1886 2722 2057 2786 Edmnndo

562 2806 729 2886 Gesorick‚
755 2807 895 2871 Roberto
918 2806 1052 2891 Fereby,
1080 2806 1202 2869 Thome
1233 2806 1383 2884 Mitiord,
1411 2806 1535 2870 Thome
1566 2805 1699 2885 Sunton,
1728 2806 1872 2872 Johanni
1897 2810 2056 2894 Toumsy,

560 2894 701 2959 Johsnni
731 2895 889 2977 Tailboys‚
920 2902 953 2958 et
979 2894 1120 2957 Jolrsnni
1150 2892 1270 2976 Kyme,
1297 2915 1334 2957 ac
1365 2894 1534 2958 Lincolnie
1562 2896 1757 2973 vicecomiti,
1781 2897 1929 2961 salutem.
1974 2896 2054 2960 Cum

559 2983 811 3045 communitates
826 2982 916 3066 regni
932 2987 1042 3044 nostre
1057 2979 1177 3065 Anglie
1195 2986 1264 3059 (etc.
1282 3004 1318 3047 as
1334 2984 1368 3046 in
1384 2983 1444 3046 col.
1462 2982 1489 3046 I.
1506 3004 1538 3065 p.
1555 2985 1644 3060 274.)

602 3119 765 3181 Henricus
780 3119 833 3181 dei
848 3118 953 3199 gratia
967 3138 1023 3180 rex
1037 3118 1156 3201 Anglie
1175 3122 1243 3195 (etc.
1261 3141 1297 3184 as
1313 3120 1348 3181 in
1362 3120 1423 3183 sol.
1441 3119 1468 3182 Ι.
1486 3139 1518 3201 p.
1536 3122 1624 3198 272.)

604 3208 810 3285 (Ecdorsed.)
836 3206 904 3268 Has
919 3205 1046 3268 litteras
1061 3211 1209 3288 patentes
1224 3226 1290 3268 uua
1304 3225 1381 3268 cum
1395 3206 1534 3289 quodam
1551 3206 1639 3270 brevi
1654 3227 1690 3268 sc
1706 3205 1774 3292 xiij.
1787 3207 2054 3292 inquisicionibus

557 3294 680 3465 pperlvrprtp
703 3294 845 3356 consutis
870 3292 1023 3357 liberavit
1048 3292 1101 3357 hic
1120 3291 1290 3393 'Johsunes
1315 3292 1391 3357 Ceri
1412 3294 1514 3358 tercio
1539 3292 1592 3358 die
1619 3292 1785 3357 Februarii
1809 3315 1894 3378 anuo
1915 3318 1946 3362 x.
1969 3298 2053 3381 regis

1168 3586 1449 3677 [creussen]

816 3831 820 3839 ·
936 3803 1245 3882 HORNcAsuRu,
1272 3800 1457 3880 SAUTRE,
1481 3822 1522 3865 ur
1544 3801 1677 3866 HYLL.

596 3969 774 4056 Inquisicio
799 3973 893 4052 eapte
920 3966 1007 4052 spud
1032 3966 1228 4030 Homcsstre
1254 3964 1308 4029 die
1333 3962 1493 4029 Mercurie
1516 3965 1663 4047 proximo
1685 3969 1762 4029 ente
1791 3965 1910 4031 festum
1940 3967 2051 4033 Sancti

551 4059 674 4123 Thome
697 4057 854 4142 Apostoli,
878 4075 964 4119 suno
989 4055 1080 4138 regni
1103 4056 1187 4139 regis
1211 4053 1347 4117 Henrici
1373 4052 1458 4115 sexti
1483 4051 1620 4130 decimo,
1647 4072 1754 4114 cerem
1779 4051 1918 4119 Ricardo
1940 4055 2048 4141 Hugh,

551 4144 700 4210 Johsnne
723 4145 841 4228 Kyme,
866 4143 1003 4206 Ricardo
1027 4139 1206 4224 Gsslrerylr,
1233 4145 1268 4204 et
1293 4141 1386 4204 sociis
1410 4141 1475 4202 suis
1501 4140 1623 4202 virtute
1645 4139 1791 4204 brevium
1813 4141 1937 4206 domini
1964 4146 2050 4228 regis

550 4233 672 4297 eisdem
688 4235 895 4309 directarum,
909 4250 965 4313 per
980 4233 1215 4292 sacramentum
1232 4233 1294 4293 etc.
1311 4228 1369 4313 qui
1383 4227 1500 4290 dicunt
1515 4226 1598 4313 quod
1609 4251 1663 4291 r—

595 4400 751 4463 Ricsrdus
773 4397 889 4480 Welby
914 4394 955 4459 dc
985 4392 1114 4455 Multon
1144 4393 1179 4455 in
1210 4392 1370 4455 comitatu
1401 4390 1578 4468 Liueoluie,
1609 4409 1737 4474 squyer‚
1763 4391 1827 4456 luit
1858 4393 1987 4460 seisitus
2014 4399 2049 4462 in

550 4488 714 4551 dominico
739 4505 809 4563 suo,
824 4488 863 4547 ut
887 4483 926 4546 de
950 4481 1050 4545 libero
1073 4485 1276 4557 tenemento,
1291 4479 1345 4542 die
1370 4479 1505 4541 Veneris
1529 4478 1674 4560 proximo
1697 4485 1775 4543 ente
1795 4481 1915 4544 festum
1939 4482 2049 4549 Sancti

550 4575 685 4637 Hillsrii
714 4573 871 4637 ultimum
899 4568 1105 4652 preteritum,
1135 4567 1176 4630 de
1213 4568 1357 4630 manerio
1393 4565 1435 4629 de
1471 4566 1628 4630 Herrsrno
1664 4585 1739 4629 cum
1775 4568 1986 4651 pertinenciis
2013 4574 2047 4636 in

552 4663 781 4739 Srrmswom,
798 4658 883 4743 quod
899 4662 1031 4720 tenetur
1046 4676 1104 4737 per
1118 4655 1292 4719 servicium
1308 4658 1422 4740 quarte
1438 4654 1541 4736 pertis
1556 4672 1611 4717 un.
1628 4652 1649 4717 f.
1666 4674 1709 4718 m.

592 4796 756 4863 Jobsnnes
781 4790 1106 4879 Hsgvortbyngbsm
1132 4793 1172 4856 de
1198 4790 1374 4875 Wynceby,
1401 4787 1639 4868 busbondman‚
1664 4789 1728 4854 fuit
1758 4791 1889 4856 seisitus
1919 4799 1981 4860 etc.
2008 4796 2048 4860 de

548 4887 643 4949 terris
667 4890 700 4949 et
721 4884 919 4948 tenementis
945 4902 1018 4944 curn
1046 4880 1257 4964 pertinenciis
1281 4880 1316 4941 in
1340 4879 1518 4954 Wvuossv,
1536 4896 1599 4961 que
1624 4883 1777 4942 tenentur
1798 4899 1858 4963 per
1873 4882 2046 4946 servicium

548 4975 663 5059 quinte
678 4972 779 5056 partis
793 4991 849 5036 un.
866 4970 889 5035 f.
905 4990 949 5032 m.

591 5109 750 5173 Robertus
767 5106 971 5191 Omfreyvyle
986 5105 1027 5168 de
1042 5104 1159 5188 Kyme,
1175 5102 1283 5178 miles,
1298 5100 1318 5164 J
1320 5101 1463 5164 ohannes
1478 5099 1652 5183 Stspulton
1675 5101 1715 5164 de
1739 5102 1894 5181 Eborsco,
1919 5125 2047 5190 squyer,

546 5200 581 5261 et
606 5195 771 5260 Johennes
797 5195 945 5258 Stretton
973 5192 1014 5256 de
1038 5190 1197 5268 Stretton,
1223 5189 1425 5273 gentylmsn,
1449 5189 1583 5251 fuerunt
1608 5189 1713 5253 seisiti
1740 5195 1804 5254 ete.
1831 5191 1871 5253 de
1895 5195 1989 5257 terris
2012 5201 2046 5258 st

545 5285 739 5349 tenementis
754 5304 830 5347 curn
845 5279 1055 5366 pertinenciis
1070 5280 1105 5340 in
1122 5277 1344 5353 Bruususon,
1361 5296 1424 5360 qne
1438 5280 1592 5338 tenentur
1605 5296 1662 5358 per
1677 5277 1848 5340 servicium
1863 5277 1908 5343 di.
1923 5279 1946 5340 f.
1963 5301 2007 5346 m.

589 5420 704 5498 Alicio,
730 5419 892 5505 quondam
921 5436 1002 5480 uxor
1031 5411 1190 5476 Willelmi
1221 5409 1409 5495 Welughby
1439 5385 1543 5494 nuper
1571 5411 1612 5474 de
1640 5411 1778 5496 Askeby,
1810 5415 1951 5494 veriorve,
1980 5418 2047 5481 fnit

545 5510 657 5572 seisits
673 5513 735 5573 etc.
751 5508 792 5571 de
807 5506 903 5569 terris
917 5509 950 5566 et
965 5500 1159 5566 tenementis
1173 5520 1249 5562 cum
1266 5500 1476 5582 pertinenciis
1498 5500 1534 5561 iu
1556 5499 1688 5565 Asunsr
1701 5499 1796 5586 juxte
1813 5501 2044 5585 Hermonem,

545 5617 608 5681 que
622 5600 777 5659 tenentur
791 5614 849 5677 per
863 5590 1031 5654 servicium
1048 5587 1133 5674 viijve
1154 5587 1257 5670 pertis
1271 5607 1327 5652 un.
1343 5586 1366 5651 f.
1382 5606 1427 5651 m.
2034 5638 2038 5649 ,

586 5731 770 5795 Willelmus
798 5725 980 5810 Thymelby
1009 5725 1050 5788 de
1079 5722 1273 5807 Thymeiby,
1302 5743 1431 5809 squyer,
1464 5722 1531 5786 tuit
1561 5723 1691 5785 seisitus
1720 5728 1782 5789 etc.
1813 5725 1853 5788 de
1883 5728 1978 5791 terris
2009 5736 2045 5793 et

542 5819 740 5970 ffineffltis
765 5819 801 5879 iu
827 5816 945 5880 Pouuu
970 5815 1005 5875 et
1031 5811 1245 5889 Ennmcrou,
1270 5831 1333 5896 que
1359 5815 1509 5873 tenentur
1533 5829 1590 5892 per
1614 5809 1784 5873 servicium
1806 5819 1920 5897 quarte
1941 5817 2045 5899 puts,
