5000 7050
1132 1085 1335 1152 inclusa.
1913 1086 1976 1150 511

522 1370 688 1436 Johaoncs
710 1372 846 1438 Percres
870 1377 906 1438 et
928 1379 1080 1439 macutes
1104 1375 1156 1438 sui
1178 1381 1293 1439 teneat
1316 1376 1350 1439 in
1374 1374 1605 1452 brumosum,
1620 1371 1726 1450 Hour,
1743 1369 1929 1439 Eoourauo
1944 1376 1979 1436 et

481 1460 697 1526 Houawoaru
707 1460 735 1545 j.
750 1460 774 1529 i.
791 1482 834 1526 m.
850 1463 891 1526 de
905 1462 1053 1545 predicta
1068 1462 1187 1540 Alesia,
1204 1468 1240 1526 st
1253 1462 1367 1525 eadem
1383 1463 1424 1525 de
1438 1462 1559 1526 comite
1575 1458 1751 1536 Aumarlie,
1769 1466 1802 1523 et
1817 1480 1923 1524 comes
1938 1461 1978 1524 de

479 1567 566 1632 rege,
581 1547 667 1634 quod
682 1549 827 1632 Rogatus
843 1548 972 1614 Pareres
986 1550 1152 1634 quondam
1167 1551 1277 1614 tenuit
1294 1587 1810 1600 ------
1899 1546 1977 1612 ris.

524 1709 710 1778 Willelmus
724 1710 756 1775 le
772 1711 882 1791 Hales,
898 1709 1039 1775 Thomas
1054 1712 1095 1776 de
1112 1711 1269 1796 Ormesby
1285 1715 1320 1775 et
1332 1711 1514 1780 Willelmus
1529 1711 1570 1774 de
1586 1709 1711 1774 Nortou
1727 1713 1839 1772 tenent
1855 1710 1890 1796 ij.
1900 1711 1924 1776 f.
1935 1731 1979 1776 m.

480 1798 516 1860 iu
532 1797 638 1876 Hour,
654 1797 885 1878 Learrosura,
904 1799 1135 1878 Suaurroros,
1151 1801 1318 1879 Barrsuo,
1336 1799 1527 1876 Kauuruoo,
1552 1798 1756 1865 Guauuroao
1779 1805 1813 1862 et
1836 1800 1979 1864 Boouiu

483 1884 524 1946 de
538 1885 636 1948 dictis
649 1885 803 1970 Marjeria
817 1887 857 1950 de
871 1887 957 1950 Roos
972 1892 1008 1950 et
1016 1887 1125 1950 Alesia
1140 1887 1180 1950 de
1195 1885 1333 1950 Nsrford
1347 1893 1381 1948 et
1396 1887 1506 1949 eedem
1522 1885 1563 1948 de
1578 1885 1667 1948 dicto
1682 1887 1812 1962 comite,
1823 1891 1859 1950 et
1873 1905 1980 1948 comes

482 1971 522 2036 de
535 1992 623 2056 rege,
638 1994 701 2058 que
715 1976 833 2058 Agnes,
842 1995 905 2058 que
920 1973 986 2038 fuit
1001 1994 1080 2038 uxor
1095 1975 1186 2038 Petri
1200 1975 1241 2037 de
1254 1973 1463 2058 Ierynguete,
1475 1973 1639 2058 quondam
1652 1972 1760 2036 tenuit
1774 2011 1785 2024 ·
1874 1972 1979 2058 iiijai.

528 2135 631 2198 Alicia
646 2135 758 2221 Hervy
768 2141 861 2202 tecet
875 2138 910 2201 iu
927 2139 1033 2219 Hom,
1045 2139 1275 2217 Houuworra,
1288 2137 1521 2215 Luarucsara,
1535 2137 1719 2202 Eoouruuo
1734 2143 1768 2199 et
1784 2135 1980 2204 Summanus

342 2273 351 2282 .
484 2241 585 2285 uuum
598 2226 800 2307 quarterium
814 2223 837 2290 f.
854 2245 899 2290 m.
917 2226 958 2288 dc
972 2225 1129 2307 predictis
1144 2225 1301 2311 Marjeria
1315 2232 1349 2288 et
1364 2225 1483 2304 Alesia,
1498 2229 1532 2288 et
1548 2224 1660 2287 eedem
1676 2223 1715 2287 de
1738 2223 1828 2286 dicto
1851 2225 1981 2303 comite,

483 2315 518 2372 et
532 2330 639 2375 comes
654 2311 694 2374 de
708 2331 794 2396 rege,
809 2313 898 2396 quod
912 2312 1097 2380 Willelmus
1113 2312 1224 2396 Hervy
1238 2317 1274 2377 et
1288 2312 1472 2396 peroeuarii
1487 2313 1537 2374 sui
1553 2311 1717 2394 quondam
1733 2315 1908 2374 tenuerunt

1914 2418 1979 2465 me.

528 2533 672 2599 Heredes
687 2537 756 2601 Ade
771 2537 841 2602 Sira
855 2543 973 2602 terem
987 2543 1137 2621 quartam
1153 2543 1280 2622 partem
1296 2538 1321 2624 j.
1338 2538 1362 2603 f.
1378 2559 1423 2603 m.
1433 2539 1474 2602 de
1490 2535 1660 2602 Edmuudo
1675 2535 1716 2599 de
1731 2533 1980 2620 Bsoouesthorp,

485 2625 519 2684 et
543 2623 632 2686 idem
656 2623 849 2690 Edmundua
872 2627 912 2688 de
937 2625 1062 2710 Rogero
1086 2626 1153 2688 filio
1180 2624 1310 2690 Osberti
1326 2629 1360 2689 et
1375 2626 1474 2689 iidem
1494 2623 1565 2704 (sic)
1589 2624 1628 2687 de
1651 2622 1825 2686 heredibus
1850 2623 1982 2687 Ricardi

485 2708 524 2772 de
535 2709 567 2772 la
578 2709 709 2791 Rokele,
718 2719 753 2774 et
766 2713 832 2796 ipsi
847 2712 888 2776 de
903 2713 1068 2778 comitissa
1078 2713 1279 2790 Mareacslla,
1290 2721 1324 2776 et
1338 2713 1504 2776 comitissa
1514 2712 1553 2775 de
1565 2731 1652 2794 rege,
1663 2731 1761 2794 quam
1771 2707 1938 2773 Galfridus
1952 2710 1982 2773 le

489 2795 737 2882 Sirequondsm
752 2800 863 2863 tenuit
901 2841 1319 2852 -----
1348 2801 1354 2811 '
1411 2837 1827 2850 -----
1916 2817 1981 2862 ιε.

529 2960 622 3024 Prior
634 2969 669 3026 et
683 2970 862 3028 conventus
876 2965 917 3028 de
931 2964 1076 3034 Waburu
1091 2969 1209 3029 tenent
1222 2984 1343 3029 nouam
1358 2967 1484 3050 partem
1495 2963 1522 3048 j.
1535 2963 1559 3028 f.
1570 2983 1615 3028 m.
1636 2963 1677 3026 de
1691 2960 1842 3046 Marjeria
1855 2962 1885 3025 le
1899 2960 1984 3025 Boos

486 3052 520 3111 et
535 3048 642 3112 Alesia
656 3050 697 3113 de
713 3051 858 3131 Neriord,
874 3058 910 3116 et
925 3053 1038 3116 eedem
1053 3052 1094 3117 ds
1109 3054 1229 3116 comite
1245 3052 1421 3133 Aumarlie,
1438 3059 1472 3116 et
1485 3071 1593 3116 comes
1608 3051 1647 3114 de
1661 3069 1739 3133 rege
1798 3048 1892 3135 iiiia.
1908 3071 1939 3114 v.
1948 3049 1982 3117 d.

531 3206 696 3272 Johanues
711 3210 752 3275 de
767 3209 932 3290 Ookefeld,
949 3213 1080 3278 domiue
1096 3214 1216 3281 Oecilia
1231 3214 1271 3277 de
1299 3211 1463 3293 Ookefeld,
1492 3210 1681 3296 Radulphus
1705 3211 1746 3276 de
1772 3211 1925 3276 Hastelee
1950 3217 1985 3276 et

438 3345 444 3355 .
488 3295 619 3358 heredes
634 3295 792 3362 iohannis
806 3297 937 3363 Baoouu
952 3306 1068 3364 tenent
1083 3303 1118 3366 in
1135 3301 1287 3380 Mauros,
1307 3299 1538 3378 Sacamum,
1554 3299 1720 3366 Ιιιιιοιιιιι
1734 3305 1769 3364 st
1786 3299 1983 3366 Suarassaa

488 3381 536 3467 iij.
552 3383 575 3446 f.
592 3387 626 3446 et
642 3384 687 3449 di.
704 3393 738 3448 et
752 3405 854 3450 uuum
871 3387 1070 3471 quarterium
1085 3388 1108 3450 f.
1125 3409 1168 3451 m.
1186 3388 1227 3450 de
1242 3389 1392 3472 episcopo
1407 3387 1564 3470 Norwyci,
1580 3392 1614 3451 st
1637 3388 1805 3471 episcopus
1831 3387 1871 3450 de
1895 3407 1982 3471 rege,

488 3489 550 3552 que
564 3469 728 3537 Johaunes
742 3473 783 3537 de
798 3473 973 3539 Ookkefeld
988 3475 1151 3561 quondam
1166 3477 1310 3538 tenuit·
1401 3517 1411 3527 -
1502 3515 1511 3524 -
1602 3514 1611 3524 -
1701 3514 1712 3524 -
1802 3473 1901 3561 viiii.
1919 3493 1983 3540 us.

532 3617 638 3682 Alicio
651 3618 692 3682 de
708 3618 860 3685 Nouwere
875 3628 968 3687 tenet
982 3622 1018 3685 in
1035 3620 1197 3699 Saturus
1209 3622 1255 3685 di.
1271 3620 1295 3685 f.
1311 3641 1356 3687 m.
1374 3621 1414 3685 de
1428 3620 1593 3688 Wilielmo
1607 3619 1648 3683 de
1665 3570 1830 3702 Calthorp,
1844 3626 1877 3684 et
1897 3620 1983 3685 idem

489 3702 529 3765 de
544 3702 691 3770 Johaune
706 3705 849 3788 Bardolf,
863 3715 897 3773 et
911 3710 1000 3773 idem
1014 3708 1056 3772 de
1070 3708 1221 3791 episcopo
1236 3708 1387 3787 Norwioi,
1400 3714 1434 3772 et
1448 3707 1536 3770 idem
1552 3708 1592 3771 de
1606 3727 1694 3789 rege,
1715 3706 1800 3788 quod
1817 3708 1928 3771 Simon
1944 3709 1985 3773 ds

490 3788 641 3855 Nouwers
655 3795 818 3879 qooudam
833 3797 942 3859 tenuit
987 3834 1808 3847 ---------
1897 3816 1949 3861 rr.
1958 3815 1984 3860 a.

533 3937 717 4005 Willelmus
740 3941 781 4005 de
804 3941 987 4006 Kerdeston
1004 3947 1094 4006 tenet
1109 3941 1144 4004 iu
1161 3941 1320 4008 Swaurou
1336 3940 1470 4004 terciam
1481 3938 1612 4023 'partem
1627 3940 1653 4026 j.
1669 3938 1691 4007 i.
1710 3961 1754 4005 m.
1769 3940 1811 4005 de
1826 3942 1930 4006 Alioia
1945 3944 1985 4006 de

490 4022 598 4104 Noers,
612 4032 648 4090 et
662 4029 732 4111 ipm
747 4030 788 4092 de
802 4028 968 4097 Wilielmo
982 4030 1023 4093 de
1039 4026 1203 4112 Oaithoqa,
1219 4035 1254 4091 et
1271 4031 1340 4111 ipse
1355 4034 1505 4112 utsupra
1562 4068 1572 4079 -
1663 4069 1672 4079 -
1762 4026 1865 4115 xiiius
1882 4028 1984 4117 iujo.

533 4170 720 4256 Margareta
744 4174 783 4237 de
810 4174 1021 4260 Sariiugham
1045 4180 1138 4240 tenet
1163 4175 1198 4237 iu
1213 4174 1327 4238 eadem
1364 4177 1415 4241 ie.
1435 4172 1666 4263 ammom]
1686 4173 1711 4261 j.
1728 4174 1751 4241 f.
1768 4197 1812 4240 m.
1827 4177 1867 4240 de
1881 4177 1987 4243 Alicia

489 4256 530 4319 de
545 4258 657 4338 Noeta,
672 4265 706 4323 et
719 4260 777 4324 illa
791 4263 831 4325 de
846 4262 1007 4346 episcopo,
1022 4262 1108 4349 quod
1122 4261 1288 4327 Johsnues
1303 4262 1344 4325 de
1422 4260 1577 4346 lynghsm
1592 4264 1756 4345 quondam
1770 4266 1877 4328 tenuit
1908 4267 1985 4333 xis.

533 4400 683 4470 Johauua
698 4407 820 4470 avenel
835 4413 928 4472 tenet
943 4408 990 4475 di.
1006 4407 1030 4472 i.
1046 4427 1091 4473 m.
1107 4409 1143 4470 in
1158 4407 1344 4475 Gouruoao
1357 4408 1399 4471 de
1414 4409 1533 4473 comite
1548 4406 1759 4487 Gloucestrie‚
1774 4415 1810 4474 st
1824 4430 1931 4476 comes
1945 4414 1987 4477 de

490 4510 576 4575 rege,
591 4494 676 4578 quod
691 4494 836 4577 Rogems
851 4495 892 4557 dc
908 4493 975 4557 Ehs
989 4495 1152 4579 quondam
1167 4496 1276 4558 tenuit
1292 4532 1810 4548 ------
1898 4520 1985 4566 xx.s.

533 4638 696 4703 Johsnnes
724 4639 755 4704 le
786 4642 873 4725 siey,
897 4641 1081 4710 Wiiielmus
1110 4641 1151 4705 de
1181 4640 1344 4706 Thuriord
1373 4648 1407 4707 et
1432 4642 1572 4707 Thomas
1595 4642 1635 4706 de
1665 4641 1843 4727 Grymstou
1873 4649 1988 4711 tenent

491 4726 536 4790 di.
562 4726 586 4792 f.
613 4747 657 4791 m.
683 4728 717 4790 in
749 4729 934 4795 Guuuaoar
961 4735 996 4793 et
1021 4730 1180 4795 Birsama
1204 4729 1245 4793 ds
1276 4729 1364 4793 dicto
1387 4730 1518 4808 comite,
1540 4736 1573 4793 et
1599 4748 1707 4793 comes
1731 4731 1772 4795 de
1794 4752 1880 4818 rego,
1902 4736 1987 4820 quod

492 4812 728 4964 ffiueffi⁸.l⁰
742 4816 831 4952 Mey,
847 4816 1146 4954 Bartholomeus-de
1162 4814 1311 4953 Bodham
1327 4823 1363 4881 st
1377 4816 1573 4954 liegioaidus
1587 4816 1628 4955 de
1645 4817 1812 4955 Thurford-
1826 4822 1987 4973 quoqqaqr

536 5045 700 5111 Johaunes
721 5048 761 5110 de
785 5045 974 5133 Brougbtou
998 5056 1034 5110 et
1056 5047 1242 5116 Willelmus
1271 5048 1312 5112 de
1341 5048 1482 5132 Mrueby
1508 5053 1623 5113 tenent
1648 5051 1682 5112 in
1715 5050 1928 5119 Susamorou
1955 5060 1988 5118 et

494 5134 653 5199 Barusua
664 5154 767 5197 unum
779 5137 979 5217 quarterium
991 5133 1070 5200 im.
1082 5134 1223 5198 dedicta
1237 5136 1358 5200 comite
1368 5134 1622 5214 Gloucestris,et
1636 5156 1742 5200 comes
1753 5138 1793 5201 de
1804 5159 1892 5223 rege,
1903 5142 1988 5224 quod

494 5220 665 5306 Philippus
679 5222 720 5286 de
735 5220 925 5307 Broughtou
941 5223 1105 5307 quondam
1120 5224 1230 5286 tenuit

536 5365 685 5431 Johaoua
707 5366 749 5431 de
773 5366 889 5431 Brome
915 5372 1010 5432 tenet
1033 5369 1069 5431 iu
1095 5368 1263 5436 erurou
1290 5368 1354 5432 tria
1376 5368 1539 5455 quarteria
1553 5368 1577 5434 f.
1594 5389 1638 5435 m.
1654 5368 1693 5433 de
1708 5368 1797 5433 dioto
1811 5364 1940 5451 comite,
1955 5379 1990 5437 et

493 5473 597 5517 comes
610 5454 652 5518 de
666 5474 751 5539 rege,
766 5475 829 5540 que
844 5456 1023 5539 Gregorius
1037 5454 1078 5518 de
1094 5455 1284 5540 Spaldyngg
1299 5458 1463 5541 quondam
1478 5458 1586 5520 tenuit
1683 5498 1692 5507 -
1784 5496 1794 5509 -
1883 5480 1988 5526 ms.

537 5598 649 5665 Comes
664 5600 868 5666 Gloucestrie
883 5606 981 5666 tenet
993 5604 1029 5666 in
1044 5603 1212 5671 erurou
1227 5624 1330 5666 unum
1345 5606 1544 5689 quarterium
1562 5604 1585 5669 f.
1602 5624 1646 5669 m.
1663 5603 1704 5668 de
1718 5622 1793 5688 rege
1824 5642 1837 5657 ·
1925 5626 1988 5671 x.s.

538 5746 698 5811 Henrious
722 5748 762 5812 de
789 5746 945 5811 Hautvile
972 5753 1063 5811 tenet
1087 5751 1122 5811 in
1150 5749 1294 5815 Bonnam
1320 5750 1365 5814 di.
1381 5748 1404 5815 f.
1422 5771 1466 5815 m.
1491 5750 1526 5812 in
1552 5749 1715 5813 dominico
1738 5754 1773 5812 et
1799 5750 1933 5812 servicio
1947 5750 1988 5814 de

494 5830 607 5898 herede
623 5833 746 5899 Thome
760 5835 801 5899 de
815 5834 986 5908 Nereiord‚
1001 5841 1036 5897 et
1051 5834 1106 5897 iile
1123 5836 1164 5899 da
1178 5836 1298 5899 comite
1315 5836 1526 5913 Gloucestrie,
1542 5842 1576 5899 et
1598 5857 1704 5899 comas
1727 5836 1766 5899 de
1791 5856 1876 5919 rege,
1903 5838 1989 5917 quod

496 5918 606 5985 Simon
621 5922 661 5986 de
678 5922 779 5985 Bosco
793 5922 958 6007 quondam
974 5922 1083 5984 tenuit
1102 5962 1817 5975 --------
1906 5944 1989 5991 xus.
