5000 7050
1154 1072 1419 1141 LEICESTER.

1018 1364 1070 1432 Da
1093 1384 1277 1432 ancarana
1299 1364 1552 1432 FERRARIIS.

526 1526 541 1595 '.
577 1494 744 1562 Galiridus
769 1497 810 1561 de
835 1498 1009 1585 Gryseleye
1034 1505 1128 1566 tenet
1154 1502 1289 1569 Ncaaorv
1314 1501 1355 1565 de
1379 1502 1498 1608 comite
1524 1500 1564 1563 de
1582 1499 1740 1603 Ferrariis
1755 1520 1813 1581 pro
1828 1496 1863 1583 ij.
1880 1496 2031 1587 partibus

573 1718 730 1874 ffiffldgi
744 1723 785 1874 dfe
799 1724 932 1789 Vernun
947 1728 1039 1790 tenet
1053 1727 1187 1793 Paavau
1203 1727 1356 1793 Mannnv
1372 1726 1412 1789 de
1426 1725 1547 1789 comite
1563 1725 1603 1787 de
1620 1724 1782 1803 Fortunio,
1798 1726 1832 1787 et
1856 1743 1962 1786 comes
1987 1722 2029 1786 de

530 1827 607 1891 rege
622 1830 680 1893 pro
717 1831 740 1877 1.
772 1861 780 1878 .

571 1944 727 2012 Ricardus
741 1948 782 2012 de
796 1951 959 2016 Harecurt
972 1954 1064 2016 tenet
1079 1951 1226 2018 Macaria
1245 1938 1399 2018 Susanna
1415 1972 1490 2014 cum
1505 1951 1717 2015 advocacione
1733 1906 1863 2012 ecclesie
1878 1947 2026 2033 ejusdem

526 2031 565 2095 de
580 2032 728 2098 Galirido
741 2036 780 2100 de
797 2037 951 2119 Camillo,
966 2045 1001 2104 ct
1015 2038 1182 2103 Galfridns
1197 2040 1238 2102 dc
1254 2040 1374 2105 comite
1391 2040 1431 2102 de
1447 2038 1603 2103 Ferrariis
1620 2058 1677 2121 pro
1693 2038 1796 2100 tercia
1820 2042 1911 2119 parte
1925 2057 1980 2101 un.
2000 2037 2024 2101 f.

526 2128 562 2183 et
576 2121 663 2186 idem
678 2143 785 2188 comes
800 2126 840 2188 de
855 2146 940 2211 rege.

568 2256 752 2339 scolastica,
778 2282 840 2344 que
864 2261 929 2325 fnit
957 2283 1034 2327 uxor
1060 2262 1192 2327 Roberti
1216 2264 1256 2325 de
1272 2261 1435 2340 Grendon‚
1456 2266 1549 2326 tenet
1565 2261 1734 2327 Goasnrnn
1749 2280 1806 2343 pro
1821 2260 1866 2325 di.
1883 2261 1906 2325 f.
1923 2280 1967 2324 m.
1984 2261 2025 2324 de

524 2344 663 2409 Radulso
677 2348 717 2410 de
734 2348 898 2429 Grendon‚
913 2354 947 2413 et
961 2352 1050 2415 idem
1066 2351 1226 2414 Radulfus
1242 2352 1281 2413 de
1299 2350 1440 2414 Waltero
1456 2350 1494 2412 de
1511 2350 1669 2427 Strattcn,
1692 2354 1726 2411 et
1748 2349 1835 2411 idem
1859 2347 2024 2411 Walterus

523 2432 564 2583 (ἐξ
579 2433 726 2606 τΙέἑίιῐάο
749 2437 789 2498 de
815 2436 955 2516 Ourzan,
970 2443 1005 2502 et
1019 2440 1106 2502 idem
1123 2438 1279 2501 Ricardus
1294 2438 1334 2501 de
1349 2440 1468 2501 comite
1491 2434 1562 2523 [de]
1586 2436 1750 2512 benonis,
1766 2443 1801 2498 et
1815 2436 1902 2498 idem
1917 2456 2023 2498 comes

569 2658 776 2810 Osberttustde
791 2659 943 2725 Bereford
958 2665 1049 2725 tenet
1066 2659 1221 2727 Tvvscaoa
1237 2660 1370 2723 nomine
1387 2659 1532 2723 custodie
1547 2659 1587 2721 de
1603 2661 1722 2723 comite
1737 2660 1777 2722 de
1793 2658 1956 2736 Ferraria,
1972 2664 2023 2723 set

524 2765 590 2807 non
606 2762 671 2809 orci
702 2767 765 2815 ec.

568 2883 749 2949 Willelmus
771 2885 810 2948 de
836 2885 990 2949 Ferrariis
1012 2891 1046 2949 et
1062 2886 1266 2951 Theobaldus
1281 2888 1320 2949 da
1335 2886 1480 2963 Verdun,
1496 2905 1570 2949 cum
1587 2885 1801 2969 participibus
1817 2886 1894 2963 suis,
1909 2890 2021 2949 tenent

523 2972 634 3036 villam
648 2974 688 3037 dc
702 2972 899 3039 Bannnsron
914 2993 970 3056 pro
984 2975 1161 3038 medietate
1173 2974 1199 3057 j.
1218 2974 1240 3039 f.
1785 3027 1790 3035 .

564 3108 727 3176 Jchannes
742 3112 846 3194 Grym
859 3117 953 3175 tenet
967 3113 1156 3178 annsrorv
1171 3112 1211 3174 de
1226 3110 1374 3175 Galfrido
1389 3112 1429 3175 de
1444 3112 1599 3197 Gresoley
1614 3132 1672 3196 pro
1687 3112 1788 3175 tercia
1804 3114 1895 3195 parte
1905 3109 1933 3194 j.
1947 3112 1970 3176 f.
1984 3114 2020 3175 et

520 3199 608 3262 idem
622 3198 789 3264 Galfridus
804 3198 843 3263 dc
859 3202 978 3265 comite
994 3201 1033 3265 dc
1048 3200 1214 3278 Ferrariis,
1229 3205 1265 3264 et
1279 3219 1386 3263 comes
1402 3199 1440 3261 de
1455 3220 1541 3284 rege.

997 3439 1050 3505 Du
1072 3460 1190 3505 racnra
1212 3459 1257 3505 nu
1279 3436 1547 3505 HASTINGES.

561 3575 725 3640 Johannes
748 3527 987 3662 de'shepheye
1013 3582 1108 3643 tenet
1133 3579 1327 3646 Snaaasrcrv
1352 3599 1426 3642 cum
1441 3577 1651 3641 advocacione
1667 3576 1801 3640 ecclesie
1817 3577 1959 3661 ejusdem
1974 3578 2016 3643 de

517 3663 538 3725 J
540 3662 665 3727 ohanne
680 3664 720 3728 de
736 3665 912 3750 Hastinges
926 3686 985 3750 pro
999 3667 1045 3730 di.
1062 3666 1085 3731 f.
1103 3675 1137 3730 et
1153 3667 1240 3730 idem
1256 3665 1419 3730 Johannes
1435 3666 1475 3728 de
1490 3663 1644 3747 Philippo
1660 3663 1845 3750 Marmyun,
1871 3673 1905 3729 et
1927 3667 2014 3730 idem

518 3750 688 3835 Philippus
703 3753 744 3815 dc
758 3753 876 3816 abbate
891 3754 932 3816 de
947 3753 1057 3839 Burgo
1072 3754 1186 3818 Sancti
1202 3755 1300 3832 Petri,
1318 3760 1352 3816 et
1367 3753 1454 3816 idem
1471 3751 1567 3816 abbas
1582 3753 1622 3815 de
1637 3771 1722 3836 rege.

562 3888 718 3953 Robertus
734 3890 774 3954 de
788 3890 959 3956 Melebnrn
976 3898 1066 3955 tenet
1080 3893 1116 3955 in
1131 3893 1293 3954 dominico
1309 3891 1397 3970 axiij.
1417 3893 1557 3976 virgatas
1571 3895 1657 3954 terre
1681 3892 1717 3953 in
1739 3890 1954 3970 Marrasion,
1981 3897 2015 3955 et

515 3974 611 4040 liberi
636 3983 784 4042 tenentes
809 3979 954 4062 ejusdem
981 3979 1042 4065 iiij.
1058 3981 1200 4062 virgatas
1217 3987 1303 4044 terre
1320 3979 1444 4043 ibidem
1461 3999 1517 4062 pro
1533 3978 1608 4062 iiij¹⁸
1625 3985 1716 4062 parte
1727 3978 1754 4061 j.
1771 3979 1794 4043 f.
1811 3979 1851 4042 de
1866 3978 2014 4042 Johanne

515 4063 555 4126 de
569 4063 760 4149 Hastinges,
775 4070 810 4129 et
824 4067 913 4131 idem
928 4066 950 4131 J
951 4069 1091 4131 ohannes
1105 4067 1145 4131 de
1160 4087 1236 4152 rege
1251 4068 1305 4132 i.c.
1876 4084 1882 4096 ·

558 4201 725 4267 Gilbcrtus
751 4202 792 4267 de
816 4202 907 4286 Ouby
938 4208 1031 4268 tenet
1059 4204 1095 4266 in
1127 4205 1257 4272 Sarnos
1287 4208 1437 4288 quartam
1468 4206 1592 4286 partem
1618 4200 1647 4284 j.
1679 4201 1702 4266 1.
1728 4201 1767 4264 de
1797 4200 1946 4267 Jobanna
1973 4204 2013 4267 de

514 4289 702 4374 Hastinges,
717 4296 752 4353 et
766 4291 856 4354 idem
870 4291 890 4354 J
893 4289 1034 4354 ohannes
1048 4291 1089 4355 de
1103 4312 1190 4378 rege.

554 4425 721 4578 :Iohpnnes
735 4429 777 4492 de
791 4429 971 4513 Hastinges
985 4433 1079 4494 tenet
1093 4430 1280 4503 Baanvvann
1296 4450 1352 4512 pro
1362 4428 1389 4511 j.
1406 4429 1430 4494 f.
1448 4429 1487 4492 de
1502 4429 1607 4510 priore
1623 4426 1663 4490 de
1680 4425 1848 4508 coventre,
1865 4434 1898 4492 et
1924 4427 2011 4492 idem

513 4534 601 4597 puor
638 4536 754 4600 eroge.

534 4651 648 4805 a{peona
656 4651 830 4804 chhannes
845 4654 885 4719 de
900 4655 1080 4740 Haatinges
1095 4658 1188 4720 tenet
1202 4657 1237 4720 in
1254 4655 1387 4721 Bmvov
1403 4652 1519 4736 miiij⁰=
1536 4652 1677 4736 virgatas
1704 4659 1786 4717 terre
1812 4675 1870 4738 pro
1896 4659 2011 4739 quarta

512 4758 533 4824 P
612 4761 640 4824 J·
670 4787 679 4804 ·

551 4877 710 4943 Robertus
740 4879 781 4943 de
811 4879 977 4944 Fiannvill
1005 4886 1100 4946 tenet
1128 4883 1162 4945 in
1195 4882 1329 4948 Hasrcrv
1360 4878 1568 4942 medietatem
1600 4878 1628 4961 j.
1656 4879 1678 4944 f.
1707 4879 1746 4941 de
1783 4877 1932 4944 Johanne
1968 4881 2009 4946 de

508 4965 699 5052 Hastingea,
715 4971 749 5032 et
763 4968 851 5032 idem
865 4968 887 5032 J
888 4967 1032 5034 ohannes
1046 4971 1087 5034 de
1101 4969 1206 5056 priore
1221 4971 1263 5032 de
1279 4968 1446 5045 coventre,
1462 4971 1496 5031 et
1511 4965 1599 5030 idem
1615 4966 1702 5050 prior
1716 4967 1755 5029 de
1770 4987 1845 5052 rege
1860 4970 1913 5037 i.c.

952 5208 1005 5275 Dn
1028 5229 1145 5277 anonis
1167 5230 1211 5277 nn
1234 5207 1458 5276 MUMBRAY
1484 5203 1570 5288 (eie).

549 5344 763 5427 Hospitalarii
788 5349 903 5410 tenent
929 5346 1005 5429 iiijv
1023 5347 1165 5432 virgatas
1191 5355 1276 5410 terre
1303 5353 1338 5410 st
1364 5345 1409 5410 di.
1427 5350 1476 5408 set
1502 5363 1567 5406 non
1594 5343 1633 5407 fit
1656 5345 1782 5407 mencio
1804 5346 1838 5408 in
1854 5345 2006 5428 predictis

505 5431 778 5514 inquisicionibus
793 5454 849 5516 per
863 5434 951 5516 quod
967 5436 1150 5501 servicium.

547 5566 570 5630 J
570 5566 713 5632 ohannes
726 5569 766 5632 de
781 5569 920 5652 Olynton
936 5575 1027 5636 tenet
1037 5571 1065 5655 j.
1081 5571 1105 5640 f.
1121 5573 1156 5636 in
1174 5557 1380 5641 Ouathoura.

543 5705 739 5769 Elizabetha
763 5706 804 5768 de
831 5706 989 5794 Sirtenby
1015 5714 1108 5773 tenet
1133 5711 1169 5774 in
1193 5711 1303 5780 Aaron
1330 5711 1478 5796 quartam
1503 5709 1631 5792 partem
1651 5705 1678 5788 j.
1694 5705 1717 5772 f.
1746 5705 1787 5770 de
1812 5707 1939 5792 chero
1963 5710 2005 5775 ds

501 5791 688 5877 Mambray,
705 5798 740 5858 et
754 5793 841 5858 idem
857 5795 1002 5880 Rogems
1017 5797 1056 5861 de
1071 5818 1158 5882 rege.

545 5931 728 5996 Willelmua
742 5933 782 5996 de
798 5933 940 6017 Erdvvyk
955 5939 990 5999 et
1005 5935 1182 6002 Nicholaus
1196 5938 1237 6001 de
1251 5937 1356 6022 Lynlc
1372 5937 1487 6000 tenent
1500 5933 1616 6002 Iamna
1631 5953 1689 6015 pro
1703 5939 1821 6018 quarta
1835 5939 1927 6018 parte
1938 5935 1966 6019 j.
1979 5937 2003 6000 1.
