5000 7050
546 1037 611 1101 410
1193 1034 1414 1107 NORFOLK.
1466 1036 1488 1069 '

587 1322 746 1387 ursimus
768 1291 890 1389 uskun
914 1327 1176 1394 sensissem.
1200 1327 1457 1396 iussissem
1485 1326 1525 1390 ιο
1551 1321 1669 1388 herere
1695 1320 1827 1386 suasu
1852 1320 1915 1383 ιιι
1940 1318 2049 1397 Alani,

544 1411 601 1496 qui
616 1409 673 1476 dre.
690 1415 739 1476 esi
754 1432 839 1477 unus
853 1412 1007 1478 heredum
1022 1414 1067 1479 H.
1084 1414 1166 1478 dicti
1181 1415 1322 1480 comitis.

588 1545 744 1611 Ricardus
758 1549 799 1612 de
815 1549 996 1615 Geraeston
1012 1557 1045 1615 et
1062 1550 1165 1615 Alieie
1178 1572 1258 1615 uxor
1273 1552 1345 1637 ejus
1360 1560 1394 1614 et
1409 1550 1467 1613 alii
1482 1552 1633 1614 tenentes
1647 1552 1806 1611 terrerum
1830 1565 1893 1630 que
1915 1543 2047 1607 fuerunt

545 1634 711 1791 migale
727 1636 849 1721 Verluy
863 1643 980 1703 terreni
995 1644 1121 1703 sextum
1136 1644 1264 1722 partem
1278 1640 1302 1725 j.
1318 1638 1342 1704 i.
1357 1658 1402 1703 m.
1415 1638 1455 1701 de
1469 1635 1563 1702 feodo
1578 1635 1725 1723 ejusdem
1740 1633 1865 1698 heredis
1879 1631 1920 1695 de
1936 1630 2047 1695 eedem

587 1858 751 1923 Henricus
776 1860 816 1926 de
832 1860 986 1927 ,Esthulie
1011 1868 1106 1930 tenet
1131 1868 1281 1949 quartem
1308 1865 1434 1947 purtem
1459 1861 1484 1947 j.
1502 1862 1524 1927 f.
1540 1882 1585 1927 m.
1608 1862 1644 1924 iu
1660 1860 1882 1926 'Pronuwrmm
1898 1857 1938 1922 de
1954 1856 2046 1921 feodo

545 1946 692 2032 ejusdem
706 1947 848 2015 heredis.
912 1976 921 1991 ·
1564 2007 1569 2019 .

588 2082 752 2149 Johaunes
771 2086 872 2150 Lovel
892 2092 928 2150 et
942 2087 1107 2152 Meriiuus
1121 2088 1162 2153 de
1177 2086 1351 2152 Suthmere
1367 2092 1401 2151 et
1416 2087 1474 2150 ulii
1490 2088 1639 2150 tenentes
1655 2092 1896 2168 terrarumque
1916 2082 2047 2145 suerunt

545 2171 678 2236 Rieerdi
692 2172 733 2236 de
749 2172 930 2259 Doekyngg
944 2179 1061 2241 tenent
1075 2177 1225 2260 quintam
1239 2180 1367 2261 purtem
1382 2174 1405 2241 f.
1421 2195 1465 2239 m.
1482 2174 1523 2237 de
1539 2172 1634 2237 feodo
1648 2168 1705 2238 dre.
1722 2170 1762 2235 de
1777 2170 1891 2235 eedem
1906 2169 2047 2233 beronis.

588 2306 752 2374 Johenues
776 2310 969 2397 lestrange
995 2317 1089 2377 tenet
1113 2314 1150 2377 iu
1174 2313 1439 2380 Huusrrursros
1464 2316 1498 2375 et
1522 2310 1624 2376 Ηοιιι
1651 2329 1754 2373 unum
1785 2307 1984 2395 quarterium
2013 2310 2049 2370 et

545 2395 591 2462 di.
609 2396 633 2462 f.
650 2417 695 2463 m.
710 2397 854 2463 dedicio
869 2399 989 2464 herede
1003 2399 1043 2465 de
1058 2400 1192 2466 baronia
1207 2401 1246 2465 de
1261 2397 1414 2464 Milham.

589 2533 754 2600 Walterus
782 2535 822 2599 de
852 2536 1007 2623 Celthorp
1036 2544 1128 2603 tenet
1159 2542 1311 2625 quartam
1335 2542 1459 2621 partem
1485 2535 1509 2602 f.
1535 2556 1580 2599 m.
1604 2534 1646 2598 de
1671 2531 1844 2598 heredibus
1868 2532 1986 2617 Rogeri
2009 2529 2048 2594 de

546 2622 677 2706 Somery
693 2629 728 2688 et
742 2622 897 2688 Nisholae
910 2627 1018 2691 uxoris
1033 2625 1105 2713 ejus
1120 2627 1236 2691 sororis
1250 2632 1285 2691 eh
1299 2625 1416 2691 uuius⁰
1434 2624 1592 2689 heredum
1607 2620 1689 2685 dieti
1702 2622 1844 2687 comitis.

589 2760 728 2825 Thomas
742 2763 782 2827 de
797 2763 1048 2849 Iugoldesthorp
1062 2770 1152 2830 tenet
1166 2770 1317 2850 qusrtem
1332 2772 1457 2849 partem
1472 2764 1497 2830 f.
1508 2784 1552 2833 m.
1562 2763 1595 2826 iu
1608 2760 1749 2827 uersos
1760 2762 1794 2824 ei
1804 2760 1841 2823 in
1851 2758 2048 2828 Surrusrmr

546 2848 587 2912 de
601 2849 700 2913 dietis
716 2848 901 2917 heredibus.

590 2981 649 3046 Iro
663 2981 703 3045 de
717 2982 873 3068 Berewylr
888 2986 995 3050 etalii
1010 2990 1160 3050 tenentes
1174 2985 1337 3071 quondam
1353 2984 1472 3071 Rogeri
1501 2986 1542 3051 ds
1568 2986 1734 3050 Beremere
1756 2988 1870 3050 tenent
1900 2986 2049 3069 quartem

450 3108 454 3113 ·
546 3074 675 3152 partem
689 3069 712 3135 f.
728 3090 772 3135 m.
788 3071 825 3135 iu
842 3071 1026 3140 Sumnowu
1040 3078 1076 3137 ei
1090 3073 1260 3139 Bueuwrrr
1275 3074 1316 3137 de
1331 3072 1430 3137 dietis
1443 3071 1628 3140 heredibus.

591 3207 777 3272 Willelmus
791 3210 832 3274 de
847 3209 1018 3275 Seeheford
1033 3216 1126 3276 tenet
1140 3212 1186 3277 di.
1202 3212 1226 3277 f.
1242 3212 1335 3276 min
1353 3211 1572 3281 Ssuuurouuu
1588 3216 1621 3278 et
1637 3211 1826 3277 Tuouuusu
1842 3209 1881 3273 de
1903 3210 2050 3293 episeopo

548 3292 579 3357 N
580 3297 709 3381 orwyeii
728 3299 798 3376 (sic)
814 3298 872 3381 qui
886 3296 944 3363 dre.

592 3431 757 3499 Joheunes
770 3434 811 3499 de
829 3435 943 3502 Insula
958 3436 1000 3502 de
1016 3436 1218 3522 Riugestede
1232 3442 1267 3503 et
1281 3437 1339 3501 alii
1356 3442 1504 3502 tenentes
1519 3444 1756 3523 terrarumque
1771 3436 1906 3499 fuerunt
1916 3431 2052 3497 Roberti

549 3521 692 3678 gorreys
714 3527 833 3675 hefft
855 3530 922 3591 ires
944 3531 1054 3610 partes
1079 3524 1103 3593 f.
1118 3547 1164 3592 m.
1180 3524 1221 3590 de
1245 3527 1397 3611 episeopo
1422 3524 1568 3610 Norwyei
1591 3528 1626 3590 iu
1649 3524 1772 3593 Medus
1786 3524 2003 3592 Rmuusrunu
2017 3526 2049 3584 et

585 3630 663 3690 omi,
678 3630 735 3696 qur
800 3661 809 3676 .

549 3747 737 3900 uffheim
747 3748 791 3852 ds
803 3748 979 3834 Suyhertou
995 3753 1090 3816 tenet
1104 3749 1319 3816 medietatem
1340 3755 1452 3837 quarte
1465 3752 1566 3836 pertis
1581 3750 1604 3817 f.
1621 3771 1665 3816 m.
1680 3751 1715 3814 iu
1733 3749 1996 3817 Hmsrmrsros
2011 3746 2051 3810 de

610 3855 664 3900 sm
737 3856 824 3903 orus.

592 3972 696 4038 Adum
712 3973 752 4038 de
768 3972 976 4040 Buldsrwslle
991 3980 1025 4040 et
1039 3975 1099 4040 ulii
1112 3981 1264 4041 tenentes
1278 3981 1525 4064 terrarumque
1540 3977 1675 4042 fuerunt
1685 3975 1821 4042 Boberii
1835 3974 1877 4040 ds
1887 3971 2052 4052 Getesion,

548 4065 664 4125 tenent
680 4061 726 4127 di.
741 4061 765 4127 f.
781 4083 826 4125 m.
841 4064 876 4126 in
895 4063 1094 4132 Susurroun
1108 4063 1150 4128 de
1164 4064 1279 4128 eadem
1294 4064 1436 4132 baronis.

593 4196 707 4263 Comes
719 4202 754 4261 ei
766 4201 934 4264 eomitissa
948 4200 1121 4265 Glosemie
1137 4207 1171 4267 et
1186 4201 1376 4267 Hertfordie
1388 4207 1505 4266 teuent
1530 4202 1555 4288 j.
1573 4201 1596 4267 f.
1613 4206 1647 4267 ei
1662 4202 1708 4268 di.
1724 4220 1770 4268 m.
1785 4201 1820 4264 iu
1837 4198 2001 4266 Bessum
2016 4200 2051 4261 st

548 4285 900 4439 fflgffiahlgsgrfasffiuu
914 4291 948 4352 et
963 4287 1065 4356 Horu
1079 4289 1114 4353 iu
1139 4288 1313 4364 dominico,
1340 4310 1404 4376 que
1426 4287 1603 4355 Nioholsus
1626 4289 1665 4354 de
1690 4285 1849 4354 Breeham
1875 4286 1983 4351 tenuit
2008 4286 2046 4350 de

592 4500 757 4652 qutrenues
772 4503 811 4566 de
826 4502 973 4588 Boylaud
987 4508 1081 4569 terrm
1094 4505 1140 4571 di.
1157 4503 1181 4570 f.
1195 4526 1240 4572 m
1255 4507 1291 4570 in
1308 4505 1643 4574 varRrusrsrrnu
1659 4505 1700 4569 de
1714 4502 1871 4588 predictis
1884 4500 2003 4566 eomite
2019 4501 2052 4562 ei

552 4609 640 4653 eorm
656 4609 731 4656 use.

594 4718 734 4783 Metiliis
748 4739 812 4805 que
826 4719 891 4783 fuit
906 4740 985 4784 uxor
999 4720 1131 4785 Ricardi
1146 4721 1186 4787 de
1201 4721 1351 4806 Boyland
1364 4727 1398 4788 ei
1412 4721 1472 4786 elii
1488 4725 1635 4786 tenentes
1651 4725 1819 4796 terrerum,
1835 4737 1898 4804 que
1920 4716 2053 4782 fuerunt

549 4805 691 4870 Maiiilis
705 4807 735 4871 le
749 4807 827 4886 Poo,
845 4813 960 4873 tenent
974 4808 1020 4874 di.
1036 4809 1059 4875 f.
1075 4830 1121 4876 m.
1137 4811 1173 4874 in
1189 4810 1303 4874 eedem
1318 4809 1397 4874 villu
1412 4809 1451 4874 de
1467 4810 1603 4874 eisdem.

593 4943 615 5008 J
616 4941 759 5095 sigenues
774 4945 872 5011 horel
888 4951 983 5012 tenet
996 4947 1076 5012 dues
1091 4953 1199 5032 peries
1213 4945 1237 5013 f.
1253 4968 1297 5011 m.
1313 4949 1349 5011 iu
1365 4947 1630 5016 Hursrmrsros
1645 4946 1686 5011 de
1701 4944 1858 5030 predictis
1882 4943 2003 5008 comite
2018 4947 2051 5005 et

552 5052 635 5096 eorm
654 5053 728 5097 ress

594 5161 757 5228 'senentes
780 5168 940 5229 terrerum
967 5162 1132 5246 quondum
1157 5162 1317 5228 Johannis
1342 5164 1374 5228 le
1397 5162 1522 5228 Loverd
1539 5167 1573 5228 et
1590 5161 1761 5228 Godefridi
1776 5160 1817 5225 de
1835 5158 1927 5224 Bello
1942 5157 2055 5221 Monte

550 5253 665 5314 teuent
680 5255 827 5316 octavum
842 5255 971 5335 purtem
987 5250 1010 5316 i.
1026 5251 1124 5317 min
1140 5249 1263 5320 Misus
1278 5251 1494 5320 Rrsuusrrrns
1510 5257 1544 5316 et
1559 5251 1671 5318 Homr.

594 5387 756 5452 Johenues
785 5389 826 5453 de
850 5388 957 5472 Thorp
982 5397 1018 5452 st
1044 5388 1148 5453 Aricia
1173 5411 1254 5454 uxor
1277 5391 1348 5476 ejus
1374 5395 1490 5456 tenent
1517 5410 1592 5454 eum
1615 5385 1801 5454 tenentibus
1826 5387 1891 5450 suis
1922 5383 2054 5448 tercium

551 5480 679 5561 partem
708 5476 731 5541 f.
762 5477 867 5542 min
898 5476 1107 5557 Summum,
1135 5477 1383 5546 smmum
1414 5484 1449 5543 et
1478 5477 1620 5546 Ferreus
1645 5477 1685 5542 de
1711 5474 1806 5538 feodo
1829 5471 1989 5539 iohannis
2015 5469 2055 5533 de

555 5564 746 5628 Werreuuie
760 5564 890 5627 comitis
906 5563 1045 5630 Surreie.

555 5789 563 5804 ⁶
595 5699 735 5804 'ihomas
748 5701 799 5852 'de
822 5698 1073 5787 Inguidesthorp
1096 5707 1189 5769 tenet
1203 5709 1355 5788 quartam
1379 5709 1504 5789 partem
1530 5703 1553 5770 f.
1570 5702 1665 5768 min
1695 5701 1895 5770 Suurrsrmr
1910 5696 1951 5762 de
1965 5693 2060 5761 feodo

552 5809 656 5873 rpsrus
672 5809 757 5853 comr
775 5811 814 5854 rs.

1213 5946 1296 5994 'unus
1308 5944 1337 5993 in
1348 5944 1405 5998 MS.
