<?xml version="1.0" encoding="UTF-8"?>
<!DOCTYPE html PUBLIC "-//W3C//DTD XHTML 1.0 Transitional//EN"
    "http://www.w3.org/TR/xhtml1/DTD/xhtml1-transitional.dtd">
<html xmlns="http://www.w3.org/1999/xhtml" xml:lang="en" lang="en">
 <head>
  <title>
</title>
<meta http-equiv="Content-Type" content="text/html;charset=utf-8" />
  <meta name='ocr-system' content='tesseract 3.04.00' />
  <meta name='ocr-capabilities' content='ocr_page ocr_carea ocr_par ocr_line ocrx_word'/>
</head>
<body>
  <div class='ocr_page' id='page_1' title='image "./inquisitionsand00offigoog_0660.png"; bbox 0 0 5000 7050; ppageno 0'>
   <div class='ocr_carea' id='block_1_1' title="bbox 580 1043 1451 1114">
    <p class='ocr_par' dir='ltr' id='par_1_1' title="bbox 580 1043 1451 1114">
     <span class='ocr_line' id='line_1_1' title="bbox 580 1043 1451 1114; baseline 0.006 -7"><span class='ocrx_word' id='word_1_1' title='bbox 580 1043 644 1107; x_wconf 77' lang='lat'><strong>642</strong></span> <span class='ocrx_word' id='word_1_2' title='bbox 1212 1044 1451 1114; x_wconf 80' lang='lat' dir='ltr'>APPENDIX.</span> 
     </span>
    </p>
   </div>
   <div class='ocr_carea' id='block_1_2' title="bbox 582 1332 2078 1508">
    <p class='ocr_par' dir='ltr' id='par_1_2' title="bbox 582 1332 2078 1508">
     <span class='ocr_line' id='line_1_2' title="bbox 625 1332 2078 1422; baseline 0.003 -29"><span class='ocrx_word' id='word_1_3' title='bbox 625 1332 805 1398; x_wconf 81' lang='lat' dir='ltr'>willelmus</span> <span class='ocrx_word' id='word_1_4' title='bbox 829 1334 992 1420; x_wconf 80' lang='lat' dir='ltr'><strong>Galthmp,</strong></span> <span class='ocrx_word' id='word_1_5' title='bbox 1011 1337 1118 1416; x_wconf 81' lang='lat' dir='ltr'><strong>mileu,</strong></span> <span class='ocrx_word' id='word_1_6' title='bbox 1144 1341 1236 1401; x_wconf 89' lang='lat' dir='ltr'><strong>tenet</strong></span> <span class='ocrx_word' id='word_1_7' title='bbox 1259 1338 1294 1400; x_wconf 92' lang='lat' dir='ltr'><strong>in</strong></span> <span class='ocrx_word' id='word_1_8' title='bbox 1322 1338 1522 1404; x_wconf 81' lang='lat' dir='ltr'><strong>Knanueuou</strong></span> <span class='ocrx_word' id='word_1_9' title='bbox 1547 1339 1680 1401; x_wconf 78' lang='lat' dir='ltr'><strong>terciam</strong></span> <span class='ocrx_word' id='word_1_10' title='bbox 1710 1345 1835 1420; x_wconf 80' lang='lat' dir='ltr'><strong>partem</strong></span> <span class='ocrx_word' id='word_1_11' title='bbox 1861 1337 1886 1422; x_wconf 83' lang='lat' dir='ltr'><strong>j.</strong></span> <span class='ocrx_word' id='word_1_12' title='bbox 1912 1337 1936 1401; x_wconf 85' lang='lat' dir='ltr'><strong>f.</strong></span> <span class='ocrx_word' id='word_1_13' title='bbox 1965 1356 2011 1402; x_wconf 92' lang='lat' dir='ltr'><strong>m.</strong></span> <span class='ocrx_word' id='word_1_14' title='bbox 2039 1334 2078 1399; x_wconf 86' lang='lat' dir='ltr'><strong>de</strong></span> 
     </span>
     <span class='ocr_line' id='line_1_3' title="bbox 582 1420 1471 1508; baseline 0.006 -24"><span class='ocrx_word' id='word_1_15' title='bbox 582 1420 753 1505; x_wconf 87' lang='lat' dir='ltr'><strong>Radulpho</strong></span> <span class='ocrx_word' id='word_1_16' title='bbox 768 1421 914 1500; x_wconf 90' lang='lat' dir='ltr'><strong>Sheltou‚</strong></span> <span class='ocrx_word' id='word_1_17' title='bbox 930 1428 964 1486; x_wconf 92' lang='lat' dir='ltr'><strong>et</strong></span> <span class='ocrx_word' id='word_1_18' title='bbox 977 1425 1065 1488; x_wconf 89' lang='lat' dir='ltr'><strong>idem</strong></span> <span class='ocrx_word' id='word_1_19' title='bbox 1081 1425 1122 1487; x_wconf 90' lang='lat' dir='ltr'><strong>de</strong></span> <span class='ocrx_word' id='word_1_20' title='bbox 1136 1425 1269 1489; x_wconf 91' lang='lat' dir='ltr'><strong>domiuo</strong></span> <span class='ocrx_word' id='word_1_21' title='bbox 1284 1425 1313 1488; x_wconf 88' lang='lat' dir='ltr'><strong>le</strong></span> <span class='ocrx_word' id='word_1_22' title='bbox 1330 1425 1393 1508; x_wconf 84' lang='lat' dir='ltr'><strong>Say</strong></span> <span class='ocrx_word' id='word_1_23' title='bbox 1407 1430 1471 1490; x_wconf 91' lang='lat' dir='ltr'><strong>etc.</strong></span> 
     </span>
    </p>
   </div>
   <div class='ocr_carea' id='block_1_3' title="bbox 582 1531 2077 1762">
    <p class='ocr_par' dir='ltr' id='par_1_3' title="bbox 582 1531 2077 1762">
     <span class='ocr_line' id='line_1_4' title="bbox 625 1531 2077 1649; baseline 0.005 -29"><span class='ocrx_word' id='word_1_24' title='bbox 625 1557 728 1623; x_wconf 81' lang='lat' dir='ltr'>Heres</span> <span class='ocrx_word' id='word_1_25' title='bbox 751 1560 874 1644; x_wconf 80' lang='lat' dir='ltr'><strong>Rogeri</strong></span> <span class='ocrx_word' id='word_1_26' title='bbox 903 1559 1016 1646; x_wconf 85' lang='lat' dir='ltr'><strong>Geney</strong></span> <span class='ocrx_word' id='word_1_27' title='bbox 1038 1531 1131 1626; x_wconf 88' lang='lat' dir='ltr'><strong>tenet</strong></span> <span class='ocrx_word' id='word_1_28' title='bbox 1153 1563 1188 1624; x_wconf 92' lang='lat' dir='ltr'><strong>in</strong></span> <span class='ocrx_word' id='word_1_29' title='bbox 1215 1561 1415 1628; x_wconf 79' lang='lat' dir='ltr'><strong>Kennueuou</strong></span> <span class='ocrx_word' id='word_1_30' title='bbox 1439 1561 1544 1646; x_wconf 78' lang='lat' dir='ltr'><strong>xvij⁸¹¹¹</strong></span> <span class='ocrx_word' id='word_1_31' title='bbox 1563 1568 1688 1646; x_wconf 86' lang='lat' dir='ltr'><strong>purtem</strong></span> <span class='ocrx_word' id='word_1_32' title='bbox 1713 1563 1738 1649; x_wconf 84' lang='lat' dir='ltr'><strong>j.</strong></span> <span class='ocrx_word' id='word_1_33' title='bbox 1769 1561 1789 1627; x_wconf 82' lang='lat' dir='ltr'><strong>f.</strong></span> <span class='ocrx_word' id='word_1_34' title='bbox 1816 1584 1860 1627; x_wconf 92' lang='lat' dir='ltr'><strong>m.</strong></span> <span class='ocrx_word' id='word_1_35' title='bbox 1892 1561 1931 1626; x_wconf 91' lang='lat' dir='ltr'><strong>de</strong></span> <span class='ocrx_word' id='word_1_36' title='bbox 1961 1562 2077 1627; x_wconf 88' lang='lat' dir='ltr'><strong>herede</strong></span> 
     </span>
     <span class='ocr_line' id='line_1_5' title="bbox 582 1644 1480 1762; baseline 0.008 -55"><span class='ocrx_word' id='word_1_37' title='bbox 582 1644 733 1730; x_wconf 85' lang='lat' dir='ltr'><strong>Hugonia</strong></span> <span class='ocrx_word' id='word_1_38' title='bbox 747 1646 934 1762; x_wconf 69' lang='lat' dir='ltr'><strong>Burgolion,</strong></span> <span class='ocrx_word' id='word_1_39' title='bbox 949 1653 983 1713; x_wconf 89' lang='lat' dir='ltr'><strong>et</strong></span> <span class='ocrx_word' id='word_1_40' title='bbox 997 1648 1086 1714; x_wconf 88' lang='lat' dir='ltr'><strong>idem</strong></span> <span class='ocrx_word' id='word_1_41' title='bbox 1101 1650 1142 1714; x_wconf 92' lang='lat' dir='ltr'><strong>de</strong></span> <span class='ocrx_word' id='word_1_42' title='bbox 1157 1648 1276 1713; x_wconf 86' lang='lat' dir='ltr'>herede</span> <span class='ocrx_word' id='word_1_43' title='bbox 1290 1648 1321 1713; x_wconf 91' lang='lat' dir='ltr'><strong>le</strong></span> <span class='ocrx_word' id='word_1_44' title='bbox 1338 1647 1403 1732; x_wconf 84' lang='lat' dir='ltr'><strong>Say</strong></span> <span class='ocrx_word' id='word_1_45' title='bbox 1418 1654 1480 1714; x_wconf 91' lang='lat' dir='ltr'><strong>etc.</strong></span> 
     </span>
    </p>
   </div>
   <div class='ocr_carea' id='block_1_4' title="bbox 623 1782 2079 1872">
    <p class='ocr_par' dir='ltr' id='par_1_4' title="bbox 623 1782 2079 1872">
     <span class='ocr_line' id='line_1_6' title="bbox 623 1782 2079 1872; baseline 0.004 -26"><span class='ocrx_word' id='word_1_46' title='bbox 623 1782 809 1867; x_wconf 83' lang='lat' dir='ltr'><strong>Margareta</strong></span> <span class='ocrx_word' id='word_1_47' title='bbox 822 1786 955 1849; x_wconf 89' lang='lat' dir='ltr'><strong>Vemuu</strong></span> <span class='ocrx_word' id='word_1_48' title='bbox 966 1790 1057 1850; x_wconf 89' lang='lat' dir='ltr'><strong>tenet</strong></span> <span class='ocrx_word' id='word_1_49' title='bbox 1067 1787 1101 1849; x_wconf 90' lang='lat' dir='ltr'><strong>iu</strong></span> <span class='ocrx_word' id='word_1_50' title='bbox 1117 1786 1319 1853; x_wconf 72' lang='lat' dir='ltr'><strong>nemesion</strong></span> <span class='ocrx_word' id='word_1_51' title='bbox 1334 1790 1406 1852; x_wconf 81' lang='lat' dir='ltr'><strong>ix⁸¹¹¹</strong></span> <span class='ocrx_word' id='word_1_52' title='bbox 1426 1791 1551 1870; x_wconf 80' lang='lat' dir='ltr'><strong>partem</strong></span> <span class='ocrx_word' id='word_1_53' title='bbox 1561 1788 1588 1872; x_wconf 89' lang='lat' dir='ltr'><strong>j.</strong></span> <span class='ocrx_word' id='word_1_54' title='bbox 1600 1787 1621 1854; x_wconf 85' lang='lat' dir='ltr'><strong>f.</strong></span> <span class='ocrx_word' id='word_1_55' title='bbox 1634 1808 1679 1853; x_wconf 90' lang='lat' dir='ltr'><strong>m.</strong></span> <span class='ocrx_word' id='word_1_56' title='bbox 1693 1787 1733 1850; x_wconf 89' lang='lat' dir='ltr'><strong>de</strong></span> <span class='ocrx_word' id='word_1_57' title='bbox 1749 1787 1880 1850; x_wconf 91' lang='lat' dir='ltr'><strong>domino</strong></span> <span class='ocrx_word' id='word_1_58' title='bbox 1895 1787 1926 1850; x_wconf 91' lang='lat' dir='ltr'><strong>le</strong></span> <span class='ocrx_word' id='word_1_59' title='bbox 1942 1785 2007 1871; x_wconf 83' lang='lat' dir='ltr'><strong>Say</strong></span> <span class='ocrx_word' id='word_1_60' title='bbox 2017 1791 2079 1852; x_wconf 88' lang='lat' dir='ltr'><strong>etc.</strong></span> 
     </span>
    </p>
   </div>
   <div class='ocr_carea' id='block_1_5' title="bbox 581 1919 2079 2095">
    <p class='ocr_par' dir='ltr' id='par_1_5' title="bbox 581 1919 2079 2095">
     <span class='ocr_line' id='line_1_7' title="bbox 623 1919 2079 2011; baseline 0.004 -27"><span class='ocrx_word' id='word_1_61' title='bbox 623 1919 809 1985; x_wconf 86' lang='lat' dir='ltr'><strong>Leonardue</strong></span> <span class='ocrx_word' id='word_1_62' title='bbox 822 1923 863 1986; x_wconf 88' lang='lat' dir='ltr'><strong>de</strong></span> <span class='ocrx_word' id='word_1_63' title='bbox 880 1922 1075 2002; x_wconf 89' lang='lat' dir='ltr'><strong>Kerdeeton,</strong></span> <span class='ocrx_word' id='word_1_64' title='bbox 1092 1922 1197 2001; x_wconf 82' lang='lat' dir='ltr'><strong>mileu,</strong></span> <span class='ocrx_word' id='word_1_65' title='bbox 1212 1929 1307 1987; x_wconf 90' lang='lat' dir='ltr'><strong>tenet</strong></span> <span class='ocrx_word' id='word_1_66' title='bbox 1322 1925 1356 1987; x_wconf 90' lang='lat' dir='ltr'><strong>iu</strong></span> <span class='ocrx_word' id='word_1_67' title='bbox 1372 1925 1573 1991; x_wconf 81' lang='lat' dir='ltr'><strong>Knnunsrou</strong></span> <span class='ocrx_word' id='word_1_68' title='bbox 1589 1925 1624 2011; x_wconf 82' lang='lat' dir='ltr'><strong>ij.</strong></span> <span class='ocrx_word' id='word_1_69' title='bbox 1641 1929 1747 2008; x_wconf 80' lang='lat' dir='ltr'><strong>partes</strong></span> <span class='ocrx_word' id='word_1_70' title='bbox 1763 1925 1861 1988; x_wconf 90' lang='lat' dir='ltr'><strong>tercie</strong></span> <span class='ocrx_word' id='word_1_71' title='bbox 1874 1925 1978 2008; x_wconf 81' lang='lat' dir='ltr'><strong>pertis</strong></span> <span class='ocrx_word' id='word_1_72' title='bbox 1994 1923 2018 1992; x_wconf 83' lang='lat' dir='ltr'><strong>l.</strong></span> <span class='ocrx_word' id='word_1_73' title='bbox 2034 1944 2079 1990; x_wconf 91' lang='lat' dir='ltr'><strong>m.</strong></span> 
     </span>
     <span class='ocr_line' id='line_1_8' title="bbox 581 2007 1809 2095; baseline 0.005 -25"><span class='ocrx_word' id='word_1_74' title='bbox 581 2007 623 2071; x_wconf 93' lang='lat' dir='ltr'><strong>de</strong></span> <span class='ocrx_word' id='word_1_75' title='bbox 638 2007 755 2072; x_wconf 83' lang='lat' dir='ltr'><strong>herede</strong></span> <span class='ocrx_word' id='word_1_76' title='bbox 771 2009 927 2073; x_wconf 89' lang='lat' dir='ltr'><strong>Willelmi</strong></span> <span class='ocrx_word' id='word_1_77' title='bbox 943 2010 983 2073; x_wconf 90' lang='lat' dir='ltr'><strong>de</strong></span> <span class='ocrx_word' id='word_1_78' title='bbox 1000 2009 1148 2094; x_wconf 81' lang='lat' dir='ltr'><strong>Olopton,</strong></span> <span class='ocrx_word' id='word_1_79' title='bbox 1163 2011 1299 2074; x_wconf 84' lang='lat' dir='ltr'><strong>elidem</strong></span> <span class='ocrx_word' id='word_1_80' title='bbox 1314 2011 1405 2076; x_wconf 87' lang='lat' dir='ltr'><strong>heree</strong></span> <span class='ocrx_word' id='word_1_81' title='bbox 1420 2013 1460 2076; x_wconf 88' lang='lat' dir='ltr'><strong>de</strong></span> <span class='ocrx_word' id='word_1_82' title='bbox 1477 2013 1608 2075; x_wconf 90' lang='lat' dir='ltr'><strong>domiuo</strong></span> <span class='ocrx_word' id='word_1_83' title='bbox 1623 2012 1652 2074; x_wconf 93' lang='lat' dir='ltr'><strong>le</strong></span> <span class='ocrx_word' id='word_1_84' title='bbox 1668 2010 1732 2095; x_wconf 87' lang='lat' dir='ltr'><strong>Say</strong></span> <span class='ocrx_word' id='word_1_85' title='bbox 1746 2021 1809 2077; x_wconf 88' lang='lat' dir='ltr'><strong>etc.</strong></span> 
     </span>
    </p>
   </div>
   <div class='ocr_carea' id='block_1_6' title="bbox 580 2145 2080 2322">
    <p class='ocr_par' dir='ltr' id='par_1_6' title="bbox 580 2145 2080 2322">
     <span class='ocr_line' id='line_1_9' title="bbox 625 2145 2080 2232; baseline 0.002 -25"><span class='ocrx_word' id='word_1_86' title='bbox 625 2145 764 2210; x_wconf 84' lang='lat' dir='ltr'><strong>Domina</strong></span> <span class='ocrx_word' id='word_1_87' title='bbox 789 2146 829 2210; x_wconf 95' lang='lat' dir='ltr'><strong>de</strong></span> <span class='ocrx_word' id='word_1_88' title='bbox 854 2147 938 2212; x_wconf 87' lang='lat' dir='ltr'><strong>Roos</strong></span> <span class='ocrx_word' id='word_1_89' title='bbox 963 2153 1057 2211; x_wconf 89' lang='lat' dir='ltr'><strong>tenet</strong></span> <span class='ocrx_word' id='word_1_90' title='bbox 1078 2149 1113 2210; x_wconf 92' lang='lat' dir='ltr'><strong>iu</strong></span> <span class='ocrx_word' id='word_1_91' title='bbox 1135 2148 1294 2214; x_wconf 77' lang='lat' dir='ltr'><strong>Hluroan</strong></span> <span class='ocrx_word' id='word_1_92' title='bbox 1320 2148 1363 2213; x_wconf 92' lang='lat' dir='ltr'><strong>di.</strong></span> <span class='ocrx_word' id='word_1_93' title='bbox 1380 2150 1403 2213; x_wconf 85' lang='lat' dir='ltr'><strong>f.</strong></span> <span class='ocrx_word' id='word_1_94' title='bbox 1420 2170 1464 2214; x_wconf 91' lang='lat' dir='ltr'><strong>m.</strong></span> <span class='ocrx_word' id='word_1_95' title='bbox 1492 2149 1532 2213; x_wconf 90' lang='lat' dir='ltr'><strong>de</strong></span> <span class='ocrx_word' id='word_1_96' title='bbox 1549 2148 1715 2212; x_wconf 87' lang='lat' dir='ltr'><strong>Willelmo</strong></span> <span class='ocrx_word' id='word_1_97' title='bbox 1730 2147 1894 2232; x_wconf 87' lang='lat' dir='ltr'><strong>Calthorp‚</strong></span> <span class='ocrx_word' id='word_1_98' title='bbox 1911 2149 2033 2228; x_wconf 88' lang='lat' dir='ltr'><strong>milite,</strong></span> <span class='ocrx_word' id='word_1_99' title='bbox 2047 2155 2080 2212; x_wconf 90' lang='lat' dir='ltr'><strong>et</strong></span> 
     </span>
     <span class='ocr_line' id='line_1_10' title="bbox 580 2232 1668 2322; baseline 0.006 -28"><span class='ocrx_word' id='word_1_100' title='bbox 580 2232 668 2297; x_wconf 89' lang='lat' dir='ltr'><strong>idem</strong></span> <span class='ocrx_word' id='word_1_101' title='bbox 682 2233 722 2296; x_wconf 93' lang='lat' dir='ltr'><strong>de</strong></span> <span class='ocrx_word' id='word_1_102' title='bbox 738 2235 857 2298; x_wconf 83' lang='lat' dir='ltr'><strong>comite</strong></span> <span class='ocrx_word' id='word_1_103' title='bbox 873 2235 1073 2314; x_wconf 85' lang='lat' dir='ltr'><strong>Arundellie,</strong></span> <span class='ocrx_word' id='word_1_104' title='bbox 1089 2241 1123 2300; x_wconf 91' lang='lat' dir='ltr'><strong>et</strong></span> <span class='ocrx_word' id='word_1_105' title='bbox 1137 2256 1243 2300; x_wconf 86' lang='lat' dir='ltr'><strong>comea</strong></span> <span class='ocrx_word' id='word_1_106' title='bbox 1257 2236 1297 2299; x_wconf 90' lang='lat' dir='ltr'><strong>de</strong></span> <span class='ocrx_word' id='word_1_107' title='bbox 1309 2256 1384 2322; x_wconf 85' lang='lat' dir='ltr'><strong>rege</strong></span> <span class='ocrx_word' id='word_1_108' title='bbox 1398 2241 1460 2301; x_wconf 91' lang='lat' dir='ltr'><strong>eto.</strong></span> <span class='ocrx_word' id='word_1_109' title='bbox 1479 2241 1526 2314; x_wconf 83' lang='lat' dir='ltr'><strong>(ee</strong></span> <span class='ocrx_word' id='word_1_110' title='bbox 1542 2236 1668 2319; x_wconf 68' lang='lat' dir='ltr'><strong>before).</strong></span> 
     </span>
    </p>
   </div>
   <div class='ocr_carea' id='block_1_7' title="bbox 582 2369 2083 2541">
    <p class='ocr_par' dir='ltr' id='par_1_7' title="bbox 582 2369 2083 2541">
     <span class='ocr_line' id='line_1_11' title="bbox 624 2369 2083 2521; baseline 0.003 -88"><span class='ocrx_word' id='word_1_111' title='bbox 624 2369 770 2521; x_wconf 53' lang='lat' dir='ltr'><strong>lietreedee</strong></span> <span class='ocrx_word' id='word_1_112' title='bbox 784 2370 940 2434; x_wconf 90' lang='lat' dir='ltr'><strong>Willelmi</strong></span> <span class='ocrx_word' id='word_1_113' title='bbox 955 2371 1137 2436; x_wconf 86' lang='lat' dir='ltr'><strong>Gamberon</strong></span> <span class='ocrx_word' id='word_1_114' title='bbox 1152 2376 1267 2436; x_wconf 87' lang='lat' dir='ltr'><strong>tenent</strong></span> <span class='ocrx_word' id='word_1_115' title='bbox 1280 2374 1315 2435; x_wconf 91' lang='lat' dir='ltr'><strong>in</strong></span> <span class='ocrx_word' id='word_1_116' title='bbox 1331 2373 1554 2442; x_wconf 78' lang='lat' dir='ltr'><strong>Wurrawunn</strong></span> <span class='ocrx_word' id='word_1_117' title='bbox 1570 2373 1615 2439; x_wconf 91' lang='lat' dir='ltr'><strong>di.</strong></span> <span class='ocrx_word' id='word_1_118' title='bbox 1632 2373 1655 2438; x_wconf 86' lang='lat' dir='ltr'><strong>f.</strong></span> <span class='ocrx_word' id='word_1_119' title='bbox 1672 2394 1718 2439; x_wconf 90' lang='lat' dir='ltr'><strong>m.</strong></span> <span class='ocrx_word' id='word_1_120' title='bbox 1734 2372 1774 2436; x_wconf 95' lang='lat' dir='ltr'><strong>de</strong></span> <span class='ocrx_word' id='word_1_121' title='bbox 1788 2375 1908 2438; x_wconf 80' lang='lat' dir='ltr'><strong>comite</strong></span> <span class='ocrx_word' id='word_1_122' title='bbox 1923 2372 2083 2451; x_wconf 82' lang='lat' dir='ltr'><strong>Marchie,</strong></span> 
     </span>
     <span class='ocr_line' id='line_1_12' title="bbox 582 2475 715 2541; baseline 0.015 -22"><span class='ocrx_word' id='word_1_123' title='bbox 582 2475 671 2541; x_wconf 88' lang='lat' dir='ltr'><strong>qme</strong></span> <span class='ocrx_word' id='word_1_124' title='bbox 707 2507 715 2522; x_wconf 92' lang='lat'>.</span> 
     </span>
    </p>
   </div>
   <div class='ocr_carea' id='block_1_8' title="bbox 582 2567 2083 2745">
    <p class='ocr_par' dir='ltr' id='par_1_8' title="bbox 582 2567 2083 2745">
     <span class='ocr_line' id='line_1_13' title="bbox 624 2567 2083 2659; baseline 0.002 -27"><span class='ocrx_word' id='word_1_125' title='bbox 624 2567 765 2634; x_wconf 77' lang='lat' dir='ltr'><strong>Thomas</strong></span> <span class='ocrx_word' id='word_1_126' title='bbox 780 2570 904 2656; x_wconf 86' lang='lat' dir='ltr'><strong>Geney,</strong></span> <span class='ocrx_word' id='word_1_127' title='bbox 918 2573 1025 2651; x_wconf 85' lang='lat' dir='ltr'><strong>miles,</strong></span> <span class='ocrx_word' id='word_1_128' title='bbox 1040 2576 1132 2637; x_wconf 89' lang='lat' dir='ltr'><strong>tenet</strong></span> <span class='ocrx_word' id='word_1_129' title='bbox 1146 2574 1180 2636; x_wconf 87' lang='lat' dir='ltr'><strong>in</strong></span> <span class='ocrx_word' id='word_1_130' title='bbox 1197 2572 1417 2640; x_wconf 73' lang='lat' dir='ltr'><strong>Burunnerou</strong></span> <span class='ocrx_word' id='word_1_131' title='bbox 1433 2573 1483 2659; x_wconf 83' lang='lat' dir='ltr'><strong>iij.</strong></span> <span class='ocrx_word' id='word_1_132' title='bbox 1499 2579 1604 2657; x_wconf 81' lang='lat' dir='ltr'><strong>partes</strong></span> <span class='ocrx_word' id='word_1_133' title='bbox 1617 2573 1642 2658; x_wconf 79' lang='lat' dir='ltr'><strong>j.</strong></span> <span class='ocrx_word' id='word_1_134' title='bbox 1661 2574 1683 2638; x_wconf 83' lang='lat' dir='ltr'><strong>f.</strong></span> <span class='ocrx_word' id='word_1_135' title='bbox 1701 2594 1747 2640; x_wconf 89' lang='lat' dir='ltr'><strong>m.</strong></span> <span class='ocrx_word' id='word_1_136' title='bbox 1763 2573 1802 2636; x_wconf 92' lang='lat' dir='ltr'><strong>de</strong></span> <span class='ocrx_word' id='word_1_137' title='bbox 1816 2571 1931 2637; x_wconf 88' lang='lat' dir='ltr'><strong>herede</strong></span> <span class='ocrx_word' id='word_1_138' title='bbox 1947 2571 2083 2637; x_wconf 85' lang='lat' dir='ltr'><strong>Roberti</strong></span> 
     </span>
     <span class='ocr_line' id='line_1_14' title="bbox 582 2657 1156 2745; baseline 0.009 -25"><span class='ocrx_word' id='word_1_139' title='bbox 582 2657 707 2736; x_wconf 87' lang='lat' dir='ltr'><strong>Ufford,</strong></span> <span class='ocrx_word' id='word_1_140' title='bbox 721 2657 848 2738; x_wconf 85' lang='lat' dir='ltr'><strong>militie,</strong></span> <span class='ocrx_word' id='word_1_141' title='bbox 863 2664 898 2723; x_wconf 88' lang='lat' dir='ltr'><strong>et</strong></span> <span class='ocrx_word' id='word_1_142' title='bbox 913 2660 1002 2723; x_wconf 92' lang='lat' dir='ltr'><strong>idem</strong></span> <span class='ocrx_word' id='word_1_143' title='bbox 1017 2659 1057 2723; x_wconf 88' lang='lat' dir='ltr'><strong>de</strong></span> <span class='ocrx_word' id='word_1_144' title='bbox 1071 2680 1156 2745; x_wconf 78' lang='lat' dir='ltr'><strong>rege.</strong></span> 
     </span>
    </p>
   </div>
   <div class='ocr_carea' id='block_1_9' title="bbox 625 2794 2070 2885">
    <p class='ocr_par' dir='ltr' id='par_1_9' title="bbox 625 2794 2070 2885">
     <span class='ocr_line' id='line_1_15' title="bbox 625 2794 2070 2885; baseline 0.003 -25"><span class='ocrx_word' id='word_1_145' title='bbox 625 2794 787 2860; x_wconf 86' lang='lat' dir='ltr'><strong>Johaunee</strong></span> <span class='ocrx_word' id='word_1_146' title='bbox 802 2795 926 2882; x_wconf 83' lang='lat' dir='ltr'><strong>Geney,</strong></span> <span class='ocrx_word' id='word_1_147' title='bbox 942 2798 1048 2878; x_wconf 83' lang='lat' dir='ltr'><strong>miles,</strong></span> <span class='ocrx_word' id='word_1_148' title='bbox 1063 2803 1155 2863; x_wconf 86' lang='lat' dir='ltr'><strong>tenet</strong></span> <span class='ocrx_word' id='word_1_149' title='bbox 1171 2800 1206 2862; x_wconf 89' lang='lat' dir='ltr'><strong>in</strong></span> <span class='ocrx_word' id='word_1_150' title='bbox 1222 2799 1500 2866; x_wconf 80' lang='lat' dir='ltr'><strong>Huvnaruenoun</strong></span> <span class='ocrx_word' id='word_1_151' title='bbox 1514 2801 1538 2885; x_wconf 84' lang='lat' dir='ltr'><strong>j.</strong></span> <span class='ocrx_word' id='word_1_152' title='bbox 1554 2799 1578 2865; x_wconf 86' lang='lat' dir='ltr'><strong>f.</strong></span> <span class='ocrx_word' id='word_1_153' title='bbox 1595 2821 1640 2866; x_wconf 89' lang='lat' dir='ltr'><strong>m.</strong></span> <span class='ocrx_word' id='word_1_154' title='bbox 1653 2801 1695 2864; x_wconf 89' lang='lat' dir='ltr'><strong>de</strong></span> <span class='ocrx_word' id='word_1_155' title='bbox 1712 2801 1831 2864; x_wconf 77' lang='lat' dir='ltr'><strong>comite</strong></span> <span class='ocrx_word' id='word_1_156' title='bbox 1845 2796 1993 2864; x_wconf 85' lang='lat' dir='ltr'><strong>Marchie</strong></span> <span class='ocrx_word' id='word_1_157' title='bbox 2008 2805 2070 2865; x_wconf 89' lang='lat' dir='ltr'><strong>etc.</strong></span> 
     </span>
    </p>
   </div>
   <div class='ocr_carea' id='block_1_10' title="bbox 580 2933 2085 3102">
    <p class='ocr_par' dir='ltr' id='par_1_10' title="bbox 580 2933 2085 3102">
     <span class='ocr_line' id='line_1_16' title="bbox 625 2933 2085 3024; baseline 0.003 -28"><span class='ocrx_word' id='word_1_158' title='bbox 625 2933 718 2997; x_wconf 88' lang='lat' dir='ltr'><strong>Prior</strong></span> <span class='ocrx_word' id='word_1_159' title='bbox 731 2934 771 2997; x_wconf 91' lang='lat' dir='ltr'><strong>de</strong></span> <span class='ocrx_word' id='word_1_160' title='bbox 786 2935 900 3000; x_wconf 84' lang='lat' dir='ltr'><strong>Monte</strong></span> <span class='ocrx_word' id='word_1_161' title='bbox 916 2936 1043 3000; x_wconf 83' lang='lat' dir='ltr'><strong>Gaudio</strong></span> <span class='ocrx_word' id='word_1_162' title='bbox 1061 2940 1129 3017; x_wconf 78' lang='lat' dir='ltr'><strong>(ric)</strong></span> <span class='ocrx_word' id='word_1_163' title='bbox 1147 2943 1240 3001; x_wconf 92' lang='lat' dir='ltr'><strong>tenet</strong></span> <span class='ocrx_word' id='word_1_164' title='bbox 1254 2939 1289 3001; x_wconf 91' lang='lat' dir='ltr'><strong>in</strong></span> <span class='ocrx_word' id='word_1_165' title='bbox 1305 2939 1581 3004; x_wconf 80' lang='lat' dir='ltr'><strong>Huvnnruunouo</strong></span> <span class='ocrx_word' id='word_1_166' title='bbox 1596 2943 1746 3022; x_wconf 76' lang='lat' dir='ltr'><strong>quartam</strong></span> <span class='ocrx_word' id='word_1_167' title='bbox 1763 2943 1889 3022; x_wconf 86' lang='lat' dir='ltr'><strong>partem</strong></span> <span class='ocrx_word' id='word_1_168' title='bbox 1904 2939 1929 3024; x_wconf 81' lang='lat' dir='ltr'><strong>j.</strong></span> <span class='ocrx_word' id='word_1_169' title='bbox 1945 2938 1968 3002; x_wconf 79' lang='lat' dir='ltr'><strong>f.</strong></span> <span class='ocrx_word' id='word_1_170' title='bbox 1986 2960 2033 3004; x_wconf 92' lang='lat' dir='ltr'><strong>m.</strong></span> <span class='ocrx_word' id='word_1_171' title='bbox 2046 2939 2085 3002; x_wconf 89' lang='lat' dir='ltr'><strong>de</strong></span> 
     </span>
     <span class='ocr_line' id='line_1_17' title="bbox 580 3020 1633 3102; baseline 0.007 -18"><span class='ocrx_word' id='word_1_172' title='bbox 580 3020 698 3086; x_wconf 87' lang='lat' dir='ltr'><strong>herede</strong></span> <span class='ocrx_word' id='word_1_173' title='bbox 713 3020 837 3086; x_wconf 85' lang='lat' dir='ltr'><strong>Thome</strong></span> <span class='ocrx_word' id='word_1_174' title='bbox 852 3023 893 3086; x_wconf 90' lang='lat' dir='ltr'><strong>de</strong></span> <span class='ocrx_word' id='word_1_175' title='bbox 908 3024 1055 3102; x_wconf 85' lang='lat' dir='ltr'><strong>Nerford,</strong></span> <span class='ocrx_word' id='word_1_176' title='bbox 1069 3030 1103 3089; x_wconf 91' lang='lat' dir='ltr'><strong>et</strong></span> <span class='ocrx_word' id='word_1_177' title='bbox 1117 3026 1205 3089; x_wconf 91' lang='lat' dir='ltr'><strong>idem</strong></span> <span class='ocrx_word' id='word_1_178' title='bbox 1220 3025 1260 3088; x_wconf 90' lang='lat' dir='ltr'><strong>de</strong></span> <span class='ocrx_word' id='word_1_179' title='bbox 1276 3027 1396 3089; x_wconf 79' lang='lat' dir='ltr'><strong>comite</strong></span> <span class='ocrx_word' id='word_1_180' title='bbox 1411 3024 1557 3089; x_wconf 86' lang='lat' dir='ltr'><strong>Marchie</strong></span> <span class='ocrx_word' id='word_1_181' title='bbox 1572 3032 1633 3091; x_wconf 89' lang='lat' dir='ltr'><strong>etc.</strong></span> 
     </span>
    </p>
   </div>
   <div class='ocr_carea' id='block_1_11' title="bbox 582 3158 2086 3331">
    <p class='ocr_par' dir='ltr' id='par_1_11' title="bbox 582 3158 2086 3331">
     <span class='ocr_line' id='line_1_18' title="bbox 626 3158 2086 3247; baseline 0.006 -27"><span class='ocrx_word' id='word_1_182' title='bbox 626 3158 720 3222; x_wconf 93' lang='lat' dir='ltr'><strong>Idem</strong></span> <span class='ocrx_word' id='word_1_183' title='bbox 735 3161 832 3243; x_wconf 91' lang='lat' dir='ltr'><strong>prior,</strong></span> <span class='ocrx_word' id='word_1_184' title='bbox 847 3159 960 3224; x_wconf 89' lang='lat' dir='ltr'><strong>Simon</strong></span> <span class='ocrx_word' id='word_1_185' title='bbox 974 3160 1127 3245; x_wconf 82' lang='lat' dir='ltr'><strong>Drapeer,</strong></span> <span class='ocrx_word' id='word_1_186' title='bbox 1140 3169 1172 3227; x_wconf 91' lang='lat' dir='ltr'><strong>et</strong></span> <span class='ocrx_word' id='word_1_187' title='bbox 1188 3162 1371 3226; x_wconf 84' lang='lat' dir='ltr'><strong>Alexander</strong></span> <span class='ocrx_word' id='word_1_188' title='bbox 1384 3161 1585 3247; x_wconf 84' lang='lat' dir='ltr'><strong>Daukynnea</strong></span> <span class='ocrx_word' id='word_1_189' title='bbox 1610 3168 1724 3228; x_wconf 88' lang='lat' dir='ltr'><strong>tenent</strong></span> <span class='ocrx_word' id='word_1_190' title='bbox 1749 3165 1784 3227; x_wconf 91' lang='lat' dir='ltr'><strong>in</strong></span> <span class='ocrx_word' id='word_1_191' title='bbox 1809 3164 2086 3230; x_wconf 69' lang='lat' dir='ltr'><strong>Huvuanrtuuouu</strong></span> 
     </span>
     <span class='ocr_line' id='line_1_19' title="bbox 582 3247 1629 3331; baseline 0.006 -22"><span class='ocrx_word' id='word_1_192' title='bbox 582 3251 733 3330; x_wconf 80' lang='lat' dir='ltr'><strong>quartam</strong></span> <span class='ocrx_word' id='word_1_193' title='bbox 747 3252 874 3331; x_wconf 87' lang='lat' dir='ltr'><strong>partem</strong></span> <span class='ocrx_word' id='word_1_194' title='bbox 885 3248 913 3331; x_wconf 90' lang='lat' dir='ltr'><strong>j.</strong></span> <span class='ocrx_word' id='word_1_195' title='bbox 930 3249 953 3314; x_wconf 87' lang='lat' dir='ltr'><strong>f.</strong></span> <span class='ocrx_word' id='word_1_196' title='bbox 970 3270 1015 3314; x_wconf 93' lang='lat' dir='ltr'><strong>m.</strong></span> <span class='ocrx_word' id='word_1_197' title='bbox 1032 3249 1073 3312; x_wconf 91' lang='lat' dir='ltr'><strong>de</strong></span> <span class='ocrx_word' id='word_1_198' title='bbox 1089 3247 1204 3314; x_wconf 88' lang='lat' dir='ltr'><strong>herede</strong></span> <span class='ocrx_word' id='word_1_199' title='bbox 1218 3248 1343 3313; x_wconf 86' lang='lat' dir='ltr'><strong>Thome</strong></span> <span class='ocrx_word' id='word_1_200' title='bbox 1358 3249 1399 3314; x_wconf 92' lang='lat' dir='ltr'><strong>de</strong></span> <span class='ocrx_word' id='word_1_201' title='bbox 1414 3250 1552 3314; x_wconf 87' lang='lat' dir='ltr'><strong>Nerford</strong></span> <span class='ocrx_word' id='word_1_202' title='bbox 1568 3256 1629 3316; x_wconf 85' lang='lat' dir='ltr'><strong>etc.</strong></span> 
     </span>
    </p>
   </div>
   <div class='ocr_carea' id='block_1_12' title="bbox 529 3362 2087 3559">
    <p class='ocr_par' dir='ltr' id='par_1_12' title="bbox 529 3362 2087 3559">
     <span class='ocr_line' id='line_1_20' title="bbox 529 3362 2087 3469; baseline 0.004 -24"><span class='ocrx_word' id='word_1_203' title='bbox 529 3362 533 3368; x_wconf 53' lang='grc'><strong>’</strong></span> <span class='ocrx_word' id='word_1_204' title='bbox 626 3381 765 3447; x_wconf 79' lang='lat' dir='ltr'><strong>Thomas</strong></span> <span class='ocrx_word' id='word_1_205' title='bbox 788 3383 930 3469; x_wconf 84' lang='lat' dir='ltr'><strong>Geneye,</strong></span> <span class='ocrx_word' id='word_1_206' title='bbox 955 3371 1060 3466; x_wconf 73' lang='lat' dir='ltr'><strong>mileu,</strong></span> <span class='ocrx_word' id='word_1_207' title='bbox 1086 3391 1183 3450; x_wconf 87' lang='lat' dir='ltr'><strong>tenet</strong></span> <span class='ocrx_word' id='word_1_208' title='bbox 1195 3387 1230 3449; x_wconf 89' lang='lat' dir='ltr'><strong>in</strong></span> <span class='ocrx_word' id='word_1_209' title='bbox 1248 3387 1453 3454; x_wconf 81' lang='lat' dir='ltr'><strong>Swrrruunou</strong></span> <span class='ocrx_word' id='word_1_210' title='bbox 1468 3393 1502 3450; x_wconf 90' lang='lat' dir='ltr'><strong>et</strong></span> <span class='ocrx_word' id='word_1_211' title='bbox 1518 3389 1735 3453; x_wconf 77' lang='lat' dir='ltr'><strong>Arrrnenruu</strong></span> <span class='ocrx_word' id='word_1_212' title='bbox 1751 3387 1796 3453; x_wconf 90' lang='lat' dir='ltr'><strong>di.</strong></span> <span class='ocrx_word' id='word_1_213' title='bbox 1812 3388 1835 3453; x_wconf 79' lang='lat' dir='ltr'><strong>f.</strong></span> <span class='ocrx_word' id='word_1_214' title='bbox 1852 3409 1897 3454; x_wconf 90' lang='lat' dir='ltr'><strong>m.</strong></span> <span class='ocrx_word' id='word_1_215' title='bbox 1914 3371 2087 3453; x_wconf 81' lang='lat' dir='ltr'><strong>de&#39;herede</strong></span> 
     </span>
     <span class='ocr_line' id='line_1_21' title="bbox 582 3470 1823 3559; baseline 0.005 -24"><span class='ocrx_word' id='word_1_216' title='bbox 582 3470 717 3536; x_wconf 88' lang='lat' dir='ltr'><strong>Roberti</strong></span> <span class='ocrx_word' id='word_1_217' title='bbox 733 3471 914 3553; x_wconf 82' lang='lat' dir='ltr'><strong>Furueuee,</strong></span> <span class='ocrx_word' id='word_1_218' title='bbox 931 3480 966 3538; x_wconf 89' lang='lat' dir='ltr'><strong>et</strong></span> <span class='ocrx_word' id='word_1_219' title='bbox 980 3474 1065 3539; x_wconf 93' lang='lat' dir='ltr'><strong>idem</strong></span> <span class='ocrx_word' id='word_1_220' title='bbox 1080 3474 1121 3539; x_wconf 91' lang='lat' dir='ltr'><strong>de</strong></span> <span class='ocrx_word' id='word_1_221' title='bbox 1135 3472 1257 3539; x_wconf 90' lang='lat' dir='ltr'><strong>honore</strong></span> <span class='ocrx_word' id='word_1_222' title='bbox 1272 3475 1312 3539; x_wconf 90' lang='lat' dir='ltr'><strong>de</strong></span> <span class='ocrx_word' id='word_1_223' title='bbox 1327 3473 1537 3559; x_wconf 87' lang='lat' dir='ltr'><strong>Rychemond</strong></span> <span class='ocrx_word' id='word_1_224' title='bbox 1552 3481 1613 3541; x_wconf 90' lang='lat' dir='ltr'><strong>etc.</strong></span> <span class='ocrx_word' id='word_1_225' title='bbox 1632 3481 1681 3555; x_wconf 86' lang='lat' dir='ltr'><strong>(uu</strong></span> <span class='ocrx_word' id='word_1_226' title='bbox 1696 3476 1823 3559; x_wconf 80' lang='lat' dir='ltr'><strong>before).</strong></span> 
     </span>
    </p>
   </div>
   <div class='ocr_carea' id='block_1_13' title="bbox 582 3608 2088 3785">
    <p class='ocr_par' dir='ltr' id='par_1_13' title="bbox 582 3608 2088 3785">
     <span class='ocr_line' id='line_1_22' title="bbox 626 3608 2088 3699; baseline 0.004 -26"><span class='ocrx_word' id='word_1_227' title='bbox 626 3608 790 3675; x_wconf 84' lang='lat' dir='ltr'><strong>Johanuee</strong></span> <span class='ocrx_word' id='word_1_228' title='bbox 805 3610 936 3697; x_wconf 87' lang='lat' dir='ltr'><strong>Whyte,</strong></span> <span class='ocrx_word' id='word_1_229' title='bbox 960 3614 1111 3693; x_wconf 88' lang='lat' dir='ltr'><strong>chivaler,</strong></span> <span class='ocrx_word' id='word_1_230' title='bbox 1130 3618 1222 3678; x_wconf 84' lang='lat' dir='ltr'><strong>tenet</strong></span> <span class='ocrx_word' id='word_1_231' title='bbox 1246 3614 1281 3678; x_wconf 90' lang='lat' dir='ltr'><strong>in</strong></span> <span class='ocrx_word' id='word_1_232' title='bbox 1308 3614 1556 3681; x_wconf 81' lang='lat' dir='ltr'><strong>Swnruruurou</strong></span> <span class='ocrx_word' id='word_1_233' title='bbox 1581 3620 1730 3697; x_wconf 88' lang='lat' dir='ltr'><strong>quartam</strong></span> <span class='ocrx_word' id='word_1_234' title='bbox 1756 3618 1881 3697; x_wconf 89' lang='lat' dir='ltr'><strong>partem</strong></span> <span class='ocrx_word' id='word_1_235' title='bbox 1906 3613 1931 3699; x_wconf 83' lang='lat' dir='ltr'><strong>j.</strong></span> <span class='ocrx_word' id='word_1_236' title='bbox 1946 3612 1970 3679; x_wconf 82' lang='lat' dir='ltr'><strong>f.</strong></span> <span class='ocrx_word' id='word_1_237' title='bbox 1987 3636 2034 3681; x_wconf 91' lang='lat' dir='ltr'><strong>m.</strong></span> <span class='ocrx_word' id='word_1_238' title='bbox 2050 3616 2088 3679; x_wconf 89' lang='lat' dir='ltr'><strong>de</strong></span> 
     </span>
     <span class='ocr_line' id='line_1_23' title="bbox 582 3697 1149 3785; baseline 0.005 -22"><span class='ocrx_word' id='word_1_239' title='bbox 582 3700 702 3764; x_wconf 88' lang='lat' dir='ltr'><strong>comite</strong></span> <span class='ocrx_word' id='word_1_240' title='bbox 717 3697 862 3763; x_wconf 88' lang='lat' dir='ltr'><strong>Marchie</strong></span> <span class='ocrx_word' id='word_1_241' title='bbox 878 3705 940 3767; x_wconf 84' lang='lat' dir='ltr'><strong>etc.</strong></span> <span class='ocrx_word' id='word_1_242' title='bbox 959 3706 1007 3780; x_wconf 85' lang='lat' dir='ltr'><strong>(ce</strong></span> <span class='ocrx_word' id='word_1_243' title='bbox 1022 3701 1149 3785; x_wconf 83' lang='lat' dir='ltr'><strong>before).</strong></span> 
     </span>
    </p>
   </div>
   <div class='ocr_carea' id='block_1_14' title="bbox 584 3834 2091 4011">
    <p class='ocr_par' dir='ltr' id='par_1_14' title="bbox 584 3834 2091 4011">
     <span class='ocr_line' id='line_1_24' title="bbox 626 3834 2091 3921; baseline 0.001 -20"><span class='ocrx_word' id='word_1_244' title='bbox 626 3836 648 3901; x_wconf 88' lang='lat' dir='ltr'><strong>J</strong></span> <span class='ocrx_word' id='word_1_245' title='bbox 649 3834 792 3900; x_wconf 79' lang='lat' dir='ltr'><strong>ohannes</strong></span> <span class='ocrx_word' id='word_1_246' title='bbox 807 3835 927 3901; x_wconf 87' lang='lat' dir='ltr'><strong>Breton</strong></span> <span class='ocrx_word' id='word_1_247' title='bbox 943 3843 1035 3903; x_wconf 88' lang='lat' dir='ltr'><strong>tenet</strong></span> <span class='ocrx_word' id='word_1_248' title='bbox 1048 3840 1083 3902; x_wconf 92' lang='lat' dir='ltr'><strong>iu</strong></span> <span class='ocrx_word' id='word_1_249' title='bbox 1098 3838 1341 3907; x_wconf 77' lang='lat' dir='ltr'><strong>Wrorrruurrnu</strong></span> <span class='ocrx_word' id='word_1_250' title='bbox 1357 3839 1402 3904; x_wconf 93' lang='lat' dir='ltr'><strong>di.</strong></span> <span class='ocrx_word' id='word_1_251' title='bbox 1419 3839 1443 3905; x_wconf 84' lang='lat' dir='ltr'><strong>f.</strong></span> <span class='ocrx_word' id='word_1_252' title='bbox 1454 3860 1499 3904; x_wconf 88' lang='lat' dir='ltr'><strong>m.</strong></span> <span class='ocrx_word' id='word_1_253' title='bbox 1510 3839 1551 3903; x_wconf 87' lang='lat' dir='ltr'><strong>de</strong></span> <span class='ocrx_word' id='word_1_254' title='bbox 1565 3837 1737 3902; x_wconf 90' lang='lat' dir='ltr'><strong>Edmundo</strong></span> <span class='ocrx_word' id='word_1_255' title='bbox 1751 3837 1792 3902; x_wconf 88' lang='lat' dir='ltr'><strong>de</strong></span> <span class='ocrx_word' id='word_1_256' title='bbox 1806 3836 1924 3921; x_wconf 71' lang='lat' dir='ltr'><strong>thorp,</strong></span> <span class='ocrx_word' id='word_1_257' title='bbox 1936 3835 2091 3917; x_wconf 86' lang='lat' dir='ltr'><strong>chivaler,</strong></span> 
     </span>
     <span class='ocr_line' id='line_1_25' title="bbox 584 3922 1507 4011; baseline 0.001 -21"><span class='ocrx_word' id='word_1_258' title='bbox 584 3925 722 3990; x_wconf 85' lang='lat' dir='ltr'><strong>elidem</strong></span> <span class='ocrx_word' id='word_1_259' title='bbox 737 3923 778 3987; x_wconf 91' lang='lat' dir='ltr'><strong>de</strong></span> <span class='ocrx_word' id='word_1_260' title='bbox 793 3922 911 3989; x_wconf 88' lang='lat' dir='ltr'><strong>herede</strong></span> <span class='ocrx_word' id='word_1_261' title='bbox 926 3925 1060 3989; x_wconf 87' lang='lat' dir='ltr'><strong>Roberti</strong></span> <span class='ocrx_word' id='word_1_262' title='bbox 1075 3926 1200 4006; x_wconf 87' lang='lat' dir='ltr'><strong>Ufford‚</strong></span> <span class='ocrx_word' id='word_1_263' title='bbox 1216 3931 1252 3989; x_wconf 91' lang='lat' dir='ltr'><strong>et</strong></span> <span class='ocrx_word' id='word_1_264' title='bbox 1266 3926 1353 3989; x_wconf 91' lang='lat' dir='ltr'><strong>idem</strong></span> <span class='ocrx_word' id='word_1_265' title='bbox 1369 3926 1408 3990; x_wconf 92' lang='lat' dir='ltr'><strong>de</strong></span> <span class='ocrx_word' id='word_1_266' title='bbox 1422 3946 1507 4011; x_wconf 83' lang='lat' dir='ltr'><strong>rege.</strong></span> 
     </span>
    </p>
   </div>
   <div class='ocr_carea' id='block_1_15' title="bbox 583 4060 2089 4217">
    <p class='ocr_par' dir='ltr' id='par_1_15' title="bbox 583 4060 2089 4217">
     <span class='ocr_line' id='line_1_26' title="bbox 626 4060 2089 4150; baseline 0.003 -24"><span class='ocrx_word' id='word_1_267' title='bbox 626 4062 820 4145; x_wconf 62' lang='lat' dir='ltr'><strong>Margareta</strong></span> <span class='ocrx_word' id='word_1_268' title='bbox 845 4083 950 4148; x_wconf 87' lang='lat' dir='ltr'><strong>nuper</strong></span> <span class='ocrx_word' id='word_1_269' title='bbox 973 4084 1053 4128; x_wconf 88' lang='lat' dir='ltr'><strong>uxor</strong></span> <span class='ocrx_word' id='word_1_270' title='bbox 1066 4064 1225 4129; x_wconf 89' lang='lat' dir='ltr'><strong>Willelmi</strong></span> <span class='ocrx_word' id='word_1_271' title='bbox 1240 4062 1499 4150; x_wconf 83' lang='lat' dir='ltr'><strong>Wychynghnm,</strong></span> <span class='ocrx_word' id='word_1_272' title='bbox 1516 4064 1644 4144; x_wconf 86' lang='lat' dir='ltr'><strong>militie,</strong></span> <span class='ocrx_word' id='word_1_273' title='bbox 1668 4070 1761 4128; x_wconf 83' lang='lat' dir='ltr'><strong>tenet</strong></span> <span class='ocrx_word' id='word_1_274' title='bbox 1786 4064 1820 4126; x_wconf 94' lang='lat' dir='ltr'><strong>iu</strong></span> <span class='ocrx_word' id='word_1_275' title='bbox 1844 4060 2089 4131; x_wconf 76' lang='lat' dir='ltr'><strong>wrcmuonm</strong></span> 
     </span>
     <span class='ocr_line' id='line_1_27' title="bbox 583 4149 1178 4217; baseline 0.002 -2"><span class='ocrx_word' id='word_1_276' title='bbox 583 4151 630 4217; x_wconf 92' lang='lat' dir='ltr'><strong>di.</strong></span> <span class='ocrx_word' id='word_1_277' title='bbox 645 4150 670 4216; x_wconf 80' lang='lat' dir='ltr'><strong>f.</strong></span> <span class='ocrx_word' id='word_1_278' title='bbox 687 4170 732 4216; x_wconf 89' lang='lat' dir='ltr'><strong>m.</strong></span> <span class='ocrx_word' id='word_1_279' title='bbox 748 4149 789 4214; x_wconf 91' lang='lat' dir='ltr'><strong>de</strong></span> <span class='ocrx_word' id='word_1_280' title='bbox 802 4150 916 4213; x_wconf 86' lang='lat' dir='ltr'><strong>eodem</strong></span> <span class='ocrx_word' id='word_1_281' title='bbox 930 4151 1103 4215; x_wconf 87' lang='lat' dir='ltr'><strong>Edmundo</strong></span> <span class='ocrx_word' id='word_1_282' title='bbox 1116 4158 1178 4216; x_wconf 89' lang='lat' dir='ltr'><strong>etc.</strong></span> 
     </span>
    </p>
   </div>
   <div class='ocr_carea' id='block_1_16' title="bbox 584 4285 2089 4460">
    <p class='ocr_par' dir='ltr' id='par_1_16' title="bbox 584 4285 2089 4460">
     <span class='ocr_line' id='line_1_28' title="bbox 626 4285 2089 4373; baseline 0.001 -23"><span class='ocrx_word' id='word_1_283' title='bbox 626 4288 778 4351; x_wconf 85' lang='lat' dir='ltr'><strong>Predicta</strong></span> <span class='ocrx_word' id='word_1_284' title='bbox 791 4287 974 4371; x_wconf 79' lang='lat' dir='ltr'><strong>Margareta</strong></span> <span class='ocrx_word' id='word_1_285' title='bbox 989 4294 1080 4352; x_wconf 88' lang='lat' dir='ltr'><strong>tenet</strong></span> <span class='ocrx_word' id='word_1_286' title='bbox 1095 4290 1131 4351; x_wconf 93' lang='lat' dir='ltr'><strong>in</strong></span> <span class='ocrx_word' id='word_1_287' title='bbox 1147 4289 1261 4352; x_wconf 84' lang='lat' dir='ltr'><strong>eadem</strong></span> <span class='ocrx_word' id='word_1_288' title='bbox 1278 4292 1427 4373; x_wconf 84' lang='lat' dir='ltr'><strong>quartam</strong></span> <span class='ocrx_word' id='word_1_289' title='bbox 1450 4294 1576 4372; x_wconf 90' lang='lat' dir='ltr'><strong>partem</strong></span> <span class='ocrx_word' id='word_1_290' title='bbox 1594 4287 1623 4373; x_wconf 87' lang='lat' dir='ltr'><strong>j.</strong></span> <span class='ocrx_word' id='word_1_291' title='bbox 1640 4288 1662 4352; x_wconf 82' lang='lat' dir='ltr'><strong>s.</strong></span> <span class='ocrx_word' id='word_1_292' title='bbox 1679 4308 1724 4354; x_wconf 89' lang='lat' dir='ltr'><strong>m.</strong></span> <span class='ocrx_word' id='word_1_293' title='bbox 1740 4288 1780 4352; x_wconf 91' lang='lat' dir='ltr'><strong>de</strong></span> <span class='ocrx_word' id='word_1_294' title='bbox 1795 4286 1913 4351; x_wconf 84' lang='lat' dir='ltr'><strong>herede</strong></span> <span class='ocrx_word' id='word_1_295' title='bbox 1928 4285 2089 4372; x_wconf 82' lang='lat' dir='ltr'><strong>Stephani</strong></span> 
     </span>
     <span class='ocr_line' id='line_1_29' title="bbox 584 4374 1538 4460; baseline 0.002 -21"><span class='ocrx_word' id='word_1_296' title='bbox 584 4376 751 4460; x_wconf 79' lang='lat' dir='ltr'><strong>Laugtoft‚</strong></span> <span class='ocrx_word' id='word_1_297' title='bbox 765 4378 800 4438; x_wconf 90' lang='lat' dir='ltr'><strong>et</strong></span> <span class='ocrx_word' id='word_1_298' title='bbox 814 4374 902 4437; x_wconf 89' lang='lat' dir='ltr'><strong>idem</strong></span> <span class='ocrx_word' id='word_1_299' title='bbox 917 4376 957 4439; x_wconf 90' lang='lat' dir='ltr'><strong>de</strong></span> <span class='ocrx_word' id='word_1_300' title='bbox 972 4377 1092 4439; x_wconf 88' lang='lat' dir='ltr'><strong>comite</strong></span> <span class='ocrx_word' id='word_1_301' title='bbox 1107 4376 1251 4441; x_wconf 86' lang='lat' dir='ltr'><strong>Marohie</strong></span> <span class='ocrx_word' id='word_1_302' title='bbox 1266 4386 1328 4443; x_wconf 86' lang='lat' dir='ltr'><strong>etc.</strong></span> <span class='ocrx_word' id='word_1_303' title='bbox 1348 4381 1396 4455; x_wconf 84' lang='lat' dir='ltr'><strong>(uc</strong></span> <span class='ocrx_word' id='word_1_304' title='bbox 1412 4377 1538 4458; x_wconf 82' lang='lat' dir='ltr'><strong>before).</strong></span> 
     </span>
    </p>
   </div>
   <div class='ocr_carea' id='block_1_17' title="bbox 585 4510 2087 4665">
    <p class='ocr_par' dir='ltr' id='par_1_17' title="bbox 585 4510 2087 4665">
     <span class='ocr_line' id='line_1_30' title="bbox 585 4510 2087 4663; baseline 0.003 -90"><span class='ocrx_word' id='word_1_305' title='bbox 585 4513 799 4663; x_wconf 37' lang='lat' dir='ltr'><strong>Mwalllemtflc</strong></span> <span class='ocrx_word' id='word_1_306' title='bbox 820 4511 991 4596; x_wconf 88' lang='lat' dir='ltr'><strong>Mydelton</strong></span> <span class='ocrx_word' id='word_1_307' title='bbox 1021 4518 1114 4578; x_wconf 88' lang='lat' dir='ltr'><strong>tenet</strong></span> <span class='ocrx_word' id='word_1_308' title='bbox 1143 4516 1178 4579; x_wconf 93' lang='lat' dir='ltr'><strong>in</strong></span> <span class='ocrx_word' id='word_1_309' title='bbox 1207 4514 1320 4577; x_wconf 82' lang='lat' dir='ltr'><strong>eedem</strong></span> <span class='ocrx_word' id='word_1_310' title='bbox 1349 4517 1499 4596; x_wconf 85' lang='lat' dir='ltr'><strong>quartam</strong></span> <span class='ocrx_word' id='word_1_311' title='bbox 1536 4517 1662 4597; x_wconf 83' lang='lat' dir='ltr'><strong>partem</strong></span> <span class='ocrx_word' id='word_1_312' title='bbox 1693 4510 1721 4597; x_wconf 87' lang='lat' dir='ltr'><strong>j.</strong></span> <span class='ocrx_word' id='word_1_313' title='bbox 1752 4512 1775 4577; x_wconf 80' lang='lat' dir='ltr'><strong>f.</strong></span> <span class='ocrx_word' id='word_1_314' title='bbox 1805 4531 1851 4577; x_wconf 89' lang='lat' dir='ltr'><strong>m.</strong></span> <span class='ocrx_word' id='word_1_315' title='bbox 1889 4511 1930 4575; x_wconf 92' lang='lat' dir='ltr'><strong>de</strong></span> <span class='ocrx_word' id='word_1_316' title='bbox 1965 4515 2087 4577; x_wconf 88' lang='lat' dir='ltr'><strong>comite</strong></span> 
     </span>
     <span class='ocr_line' id='line_1_31' title="bbox 623 4620 1051 4665; baseline -0.005 0"><span class='ocrx_word' id='word_1_317' title='bbox 623 4622 677 4665; x_wconf 86' lang='lat' dir='ltr'><strong>arc</strong></span> <span class='ocrx_word' id='word_1_318' title='bbox 700 4620 765 4664; x_wconf 88' lang='lat' dir='ltr'><strong>ree</strong></span> <span class='ocrx_word' id='word_1_319' title='bbox 801 4646 809 4664; x_wconf 92' lang='lat'><strong>.</strong></span> <span class='ocrx_word' id='word_1_320' title='bbox 1047 4632 1051 4639; x_wconf 95' lang='lat'><em>·</em></span> 
     </span>
    </p>
   </div>
   <div class='ocr_carea' id='block_1_18' title="bbox 584 4734 2088 4911">
    <p class='ocr_par' dir='ltr' id='par_1_18' title="bbox 584 4734 2088 4911">
     <span class='ocr_line' id='line_1_32' title="bbox 629 4734 2088 4816; baseline 0.001 -15"><span class='ocrx_word' id='word_1_321' title='bbox 629 4736 772 4802; x_wconf 83' lang='lat' dir='ltr'><strong>Heredes</strong></span> <span class='ocrx_word' id='word_1_322' title='bbox 782 4735 906 4803; x_wconf 76' lang='lat' dir='ltr'><strong>Thome</strong></span> <span class='ocrx_word' id='word_1_323' title='bbox 921 4738 961 4803; x_wconf 91' lang='lat' dir='ltr'><strong>de</strong></span> <span class='ocrx_word' id='word_1_324' title='bbox 971 4738 1104 4803; x_wconf 83' lang='lat' dir='ltr'><strong>Weuton</strong></span> <span class='ocrx_word' id='word_1_325' title='bbox 1119 4746 1154 4803; x_wconf 88' lang='lat' dir='ltr'><strong>et</strong></span> <span class='ocrx_word' id='word_1_326' title='bbox 1168 4738 1190 4803; x_wconf 91' lang='lat' dir='ltr'><strong>J</strong></span> <span class='ocrx_word' id='word_1_327' title='bbox 1191 4737 1334 4803; x_wconf 85' lang='lat' dir='ltr'><strong>ohannes</strong></span> <span class='ocrx_word' id='word_1_328' title='bbox 1348 4737 1389 4802; x_wconf 90' lang='lat' dir='ltr'><strong>de</strong></span> <span class='ocrx_word' id='word_1_329' title='bbox 1400 4738 1534 4807; x_wconf 83' lang='lat' dir='ltr'><strong>Weaton</strong></span> <span class='ocrx_word' id='word_1_330' title='bbox 1551 4742 1667 4802; x_wconf 87' lang='lat' dir='ltr'><strong>teuent</strong></span> <span class='ocrx_word' id='word_1_331' title='bbox 1682 4738 1716 4799; x_wconf 92' lang='lat' dir='ltr'><strong>in</strong></span> <span class='ocrx_word' id='word_1_332' title='bbox 1726 4734 1882 4815; x_wconf 73' lang='lat' dir='ltr'><strong>westou,</strong></span> <span class='ocrx_word' id='word_1_333' title='bbox 1893 4736 2088 4816; x_wconf 82' lang='lat' dir='ltr'><strong>Rruunouu,</strong></span> 
     </span>
     <span class='ocr_line' id='line_1_33' title="bbox 584 4826 1730 4911; baseline -0.002 -20"><span class='ocrx_word' id='word_1_334' title='bbox 584 4832 619 4891; x_wconf 86' lang='lat' dir='ltr'><strong>et</strong></span> <span class='ocrx_word' id='word_1_335' title='bbox 633 4826 873 4891; x_wconf 77' lang='lat' dir='ltr'><strong>Hnunruenrn</strong></span> <span class='ocrx_word' id='word_1_336' title='bbox 888 4827 933 4889; x_wconf 93' lang='lat' dir='ltr'><strong>di.</strong></span> <span class='ocrx_word' id='word_1_337' title='bbox 948 4827 971 4890; x_wconf 84' lang='lat' dir='ltr'><strong>f.</strong></span> <span class='ocrx_word' id='word_1_338' title='bbox 987 4848 1032 4893; x_wconf 90' lang='lat' dir='ltr'><strong>m.</strong></span> <span class='ocrx_word' id='word_1_339' title='bbox 1048 4827 1089 4890; x_wconf 90' lang='lat' dir='ltr'><strong>de</strong></span> <span class='ocrx_word' id='word_1_340' title='bbox 1103 4828 1253 4911; x_wconf 79' lang='lat' dir='ltr'><strong>episcopo</strong></span> <span class='ocrx_word' id='word_1_341' title='bbox 1268 4827 1418 4907; x_wconf 82' lang='lat' dir='ltr'><strong>Norwici,</strong></span> <span class='ocrx_word' id='word_1_342' title='bbox 1434 4831 1469 4889; x_wconf 88' lang='lat' dir='ltr'><strong>et</strong></span> <span class='ocrx_word' id='word_1_343' title='bbox 1483 4826 1571 4889; x_wconf 90' lang='lat' dir='ltr'><strong>idem</strong></span> <span class='ocrx_word' id='word_1_344' title='bbox 1586 4826 1627 4889; x_wconf 90' lang='lat' dir='ltr'><strong>de</strong></span> <span class='ocrx_word' id='word_1_345' title='bbox 1643 4844 1730 4910; x_wconf 82' lang='lat' dir='ltr'><strong>rege.</strong></span> 
     </span>
    </p>
   </div>
   <div class='ocr_carea' id='block_1_19' title="bbox 584 4960 2088 5117">
    <p class='ocr_par' dir='ltr' id='par_1_19' title="bbox 584 4960 2088 5117">
     <span class='ocr_line' id='line_1_34' title="bbox 584 4960 2088 5115; baseline 0 -90"><span class='ocrx_word' id='word_1_346' title='bbox 584 4963 815 5115; x_wconf 55' lang='lat' dir='ltr'><strong>Mwhl&#39;ehhus</strong></span> <span class='ocrx_word' id='word_1_347' title='bbox 837 4964 878 5027; x_wconf 90' lang='lat' dir='ltr'><strong>de</strong></span> <span class='ocrx_word' id='word_1_348' title='bbox 901 4963 1093 5029; x_wconf 84' lang='lat' dir='ltr'><strong>Sueteaham</strong></span> <span class='ocrx_word' id='word_1_349' title='bbox 1116 4970 1208 5027; x_wconf 89' lang='lat' dir='ltr'><strong>tenet</strong></span> <span class='ocrx_word' id='word_1_350' title='bbox 1229 4966 1263 5027; x_wconf 92' lang='lat' dir='ltr'><strong>iu</strong></span> <span class='ocrx_word' id='word_1_351' title='bbox 1288 4965 1432 5032; x_wconf 80' lang='lat' dir='ltr'><strong>Wuerou</strong></span> <span class='ocrx_word' id='word_1_352' title='bbox 1455 4968 1604 5048; x_wconf 82' lang='lat' dir='ltr'><strong>quartam</strong></span> <span class='ocrx_word' id='word_1_353' title='bbox 1626 4966 1750 5046; x_wconf 81' lang='lat' dir='ltr'><strong>partem</strong></span> <span class='ocrx_word' id='word_1_354' title='bbox 1770 4960 1797 5046; x_wconf 87' lang='lat' dir='ltr'><strong>j.</strong></span> <span class='ocrx_word' id='word_1_355' title='bbox 1812 4961 1835 5024; x_wconf 83' lang='lat' dir='ltr'><strong>f.</strong></span> <span class='ocrx_word' id='word_1_356' title='bbox 1851 4982 1898 5027; x_wconf 89' lang='lat' dir='ltr'><strong>m.</strong></span> <span class='ocrx_word' id='word_1_357' title='bbox 1913 4960 1954 5026; x_wconf 90' lang='lat' dir='ltr'><strong>de</strong></span> <span class='ocrx_word' id='word_1_358' title='bbox 1969 4964 2088 5027; x_wconf 85' lang='lat' dir='ltr'><strong>comite</strong></span> 
     </span>
     <span class='ocr_line' id='line_1_35' title="bbox 623 5071 805 5117; baseline 0.005 -2"><span class='ocrx_word' id='word_1_359' title='bbox 623 5071 805 5117; x_wconf 75' lang='lat' dir='ltr'><strong>mcoeec</strong></span> 
     </span>
    </p>
   </div>
   <div class='ocr_carea' id='block_1_20' title="bbox 585 5184 2087 5361">
    <p class='ocr_par' dir='ltr' id='par_1_20' title="bbox 585 5184 2087 5361">
     <span class='ocr_line' id='line_1_36' title="bbox 628 5184 2087 5273; baseline 0 -24"><span class='ocrx_word' id='word_1_360' title='bbox 628 5188 792 5253; x_wconf 84' lang='lat' dir='ltr'><strong>Walterue</strong></span> <span class='ocrx_word' id='word_1_361' title='bbox 813 5190 854 5253; x_wconf 90' lang='lat' dir='ltr'><strong>de</strong></span> <span class='ocrx_word' id='word_1_362' title='bbox 877 5188 1034 5253; x_wconf 88' lang='lat' dir='ltr'><strong>Midelton</strong></span> <span class='ocrx_word' id='word_1_363' title='bbox 1060 5194 1152 5253; x_wconf 87' lang='lat' dir='ltr'><strong>tenet</strong></span> <span class='ocrx_word' id='word_1_364' title='bbox 1176 5189 1211 5253; x_wconf 90' lang='lat' dir='ltr'><strong>iu</strong></span> <span class='ocrx_word' id='word_1_365' title='bbox 1243 5190 1357 5253; x_wconf 89' lang='lat' dir='ltr'><strong>eadem</strong></span> <span class='ocrx_word' id='word_1_366' title='bbox 1387 5194 1537 5273; x_wconf 81' lang='lat' dir='ltr'><strong>quartam</strong></span> <span class='ocrx_word' id='word_1_367' title='bbox 1570 5192 1696 5272; x_wconf 86' lang='lat' dir='ltr'><strong>purtem</strong></span> <span class='ocrx_word' id='word_1_368' title='bbox 1729 5185 1753 5271; x_wconf 83' lang='lat' dir='ltr'><strong>j.</strong></span> <span class='ocrx_word' id='word_1_369' title='bbox 1781 5184 1805 5250; x_wconf 80' lang='lat' dir='ltr'><strong>f.</strong></span> <span class='ocrx_word' id='word_1_370' title='bbox 1829 5205 1872 5250; x_wconf 92' lang='lat' dir='ltr'><strong>m.</strong></span> <span class='ocrx_word' id='word_1_371' title='bbox 1896 5186 1937 5251; x_wconf 92' lang='lat' dir='ltr'><strong>de</strong></span> <span class='ocrx_word' id='word_1_372' title='bbox 1971 5184 2087 5252; x_wconf 88' lang='lat' dir='ltr'><strong>herede</strong></span> 
     </span>
     <span class='ocr_line' id='line_1_37' title="bbox 585 5274 1480 5361; baseline 0.001 -22"><span class='ocrx_word' id='word_1_373' title='bbox 585 5277 722 5341; x_wconf 83' lang='lat' dir='ltr'><strong>Amaldi</strong></span> <span class='ocrx_word' id='word_1_374' title='bbox 738 5278 897 5361; x_wconf 85' lang='lat' dir='ltr'><strong>Lyounea,</strong></span> <span class='ocrx_word' id='word_1_375' title='bbox 913 5282 947 5341; x_wconf 93' lang='lat' dir='ltr'><strong>et</strong></span> <span class='ocrx_word' id='word_1_376' title='bbox 961 5277 1049 5340; x_wconf 91' lang='lat' dir='ltr'><strong>idem</strong></span> <span class='ocrx_word' id='word_1_377' title='bbox 1064 5277 1105 5341; x_wconf 92' lang='lat' dir='ltr'><strong>de</strong></span> <span class='ocrx_word' id='word_1_378' title='bbox 1119 5279 1237 5341; x_wconf 90' lang='lat' dir='ltr'><strong>comite</strong></span> <span class='ocrx_word' id='word_1_379' title='bbox 1251 5274 1399 5340; x_wconf 85' lang='lat' dir='ltr'><strong>Marchie</strong></span> <span class='ocrx_word' id='word_1_380' title='bbox 1416 5282 1480 5340; x_wconf 89' lang='lat' dir='ltr'><strong>etc.</strong></span> 
     </span>
    </p>
   </div>
   <div class='ocr_carea' id='block_1_21' title="bbox 586 5409 2088 5587">
    <p class='ocr_par' dir='ltr' id='par_1_21' title="bbox 586 5409 2088 5587">
     <span class='ocr_line' id='line_1_38' title="bbox 628 5409 2088 5497; baseline -0.001 -19"><span class='ocrx_word' id='word_1_381' title='bbox 628 5412 795 5478; x_wconf 84' lang='lat' dir='ltr'><strong>Johaunea</strong></span> <span class='ocrx_word' id='word_1_382' title='bbox 816 5414 857 5479; x_wconf 88' lang='lat' dir='ltr'><strong>de</strong></span> <span class='ocrx_word' id='word_1_383' title='bbox 879 5413 1009 5478; x_wconf 84' lang='lat' dir='ltr'><strong>Weaton</strong></span> <span class='ocrx_word' id='word_1_384' title='bbox 1033 5420 1119 5478; x_wconf 87' lang='lat' dir='ltr'><strong>tenet</strong></span> <span class='ocrx_word' id='word_1_385' title='bbox 1152 5414 1187 5477; x_wconf 88' lang='lat' dir='ltr'><strong>in</strong></span> <span class='ocrx_word' id='word_1_386' title='bbox 1210 5414 1354 5483; x_wconf 82' lang='lat' dir='ltr'><strong>Wrreuou</strong></span> <span class='ocrx_word' id='word_1_387' title='bbox 1387 5416 1538 5497; x_wconf 85' lang='lat' dir='ltr'><strong>quartam</strong></span> <span class='ocrx_word' id='word_1_388' title='bbox 1569 5416 1695 5493; x_wconf 84' lang='lat' dir='ltr'><strong>partem</strong></span> <span class='ocrx_word' id='word_1_389' title='bbox 1726 5410 1750 5495; x_wconf 85' lang='lat' dir='ltr'><strong>j.</strong></span> <span class='ocrx_word' id='word_1_390' title='bbox 1777 5411 1799 5477; x_wconf 80' lang='lat' dir='ltr'><strong>f.</strong></span> <span class='ocrx_word' id='word_1_391' title='bbox 1825 5431 1870 5476; x_wconf 91' lang='lat' dir='ltr'><strong>m.</strong></span> <span class='ocrx_word' id='word_1_392' title='bbox 1897 5410 1937 5475; x_wconf 90' lang='lat' dir='ltr'><strong>de</strong></span> <span class='ocrx_word' id='word_1_393' title='bbox 1969 5409 2088 5476; x_wconf 89' lang='lat' dir='ltr'><strong>herede</strong></span> 
     </span>
     <span class='ocr_line' id='line_1_39' title="bbox 586 5502 946 5587; baseline 0.006 -22"><span class='ocrx_word' id='word_1_394' title='bbox 586 5502 727 5585; x_wconf 81' lang='lat' dir='ltr'><strong>Amaldy</strong></span> <span class='ocrx_word' id='word_1_395' title='bbox 743 5502 867 5587; x_wconf 86' lang='lat' dir='ltr'><strong>Lyonee</strong></span> <span class='ocrx_word' id='word_1_396' title='bbox 882 5506 946 5568; x_wconf 89' lang='lat' dir='ltr'><strong>eto.</strong></span> 
     </span>
    </p>
   </div>
   <div class='ocr_carea' id='block_1_22' title="bbox 583 5634 2085 5814">
    <p class='ocr_par' dir='ltr' id='par_1_22' title="bbox 583 5634 2085 5814">
     <span class='ocr_line' id='line_1_40' title="bbox 629 5634 2085 5723; baseline -0.004 -18"><span class='ocrx_word' id='word_1_397' title='bbox 629 5640 769 5705; x_wconf 81' lang='lat' dir='ltr'><strong>Thomas</strong></span> <span class='ocrx_word' id='word_1_398' title='bbox 789 5640 831 5705; x_wconf 89' lang='lat' dir='ltr'><strong>de</strong></span> <span class='ocrx_word' id='word_1_399' title='bbox 852 5641 984 5720; x_wconf 89' lang='lat' dir='ltr'><strong>Morlee,</strong></span> <span class='ocrx_word' id='word_1_400' title='bbox 1006 5638 1158 5720; x_wconf 87' lang='lat' dir='ltr'><strong>chivaler‚</strong></span> <span class='ocrx_word' id='word_1_401' title='bbox 1180 5645 1273 5705; x_wconf 89' lang='lat' dir='ltr'><strong>tenet</strong></span> <span class='ocrx_word' id='word_1_402' title='bbox 1295 5639 1334 5703; x_wconf 90' lang='lat' dir='ltr'><strong>de</strong></span> <span class='ocrx_word' id='word_1_403' title='bbox 1352 5639 1428 5723; x_wconf 87' lang='lat' dir='ltr'><strong>jure</strong></span> <span class='ocrx_word' id='word_1_404' title='bbox 1450 5637 1559 5701; x_wconf 82' lang='lat' dir='ltr'><strong>uxoris</strong></span> <span class='ocrx_word' id='word_1_405' title='bbox 1582 5654 1640 5699; x_wconf 83' lang='lat' dir='ltr'><strong>sue</strong></span> <span class='ocrx_word' id='word_1_406' title='bbox 1664 5636 1699 5698; x_wconf 94' lang='lat' dir='ltr'><strong>in</strong></span> <span class='ocrx_word' id='word_1_407' title='bbox 1720 5634 1859 5702; x_wconf 80' lang='lat' dir='ltr'><strong>Eueuuo</strong></span> <span class='ocrx_word' id='word_1_408' title='bbox 1889 5634 1916 5719; x_wconf 89' lang='lat' dir='ltr'><strong>j.</strong></span> <span class='ocrx_word' id='word_1_409' title='bbox 1939 5636 1962 5702; x_wconf 78' lang='lat' dir='ltr'><strong>f.</strong></span> <span class='ocrx_word' id='word_1_410' title='bbox 1986 5656 2031 5704; x_wconf 90' lang='lat' dir='ltr'><strong>m.</strong></span> <span class='ocrx_word' id='word_1_411' title='bbox 2053 5643 2085 5700; x_wconf 88' lang='lat' dir='ltr'><strong>et</strong></span> 
     </span>
     <span class='ocr_line' id='line_1_41' title="bbox 583 5727 1256 5814; baseline 0 -21"><span class='ocrx_word' id='word_1_412' title='bbox 583 5728 609 5814; x_wconf 89' lang='lat' dir='ltr'><strong>j.</strong></span> <span class='ocrx_word' id='word_1_413' title='bbox 624 5734 734 5814; x_wconf 84' lang='lat' dir='ltr'><strong>quart.</strong></span> <span class='ocrx_word' id='word_1_414' title='bbox 749 5727 772 5794; x_wconf 88' lang='lat' dir='ltr'><strong>f.</strong></span> <span class='ocrx_word' id='word_1_415' title='bbox 787 5750 833 5795; x_wconf 91' lang='lat' dir='ltr'><strong>m.</strong></span> <span class='ocrx_word' id='word_1_416' title='bbox 849 5729 890 5792; x_wconf 89' lang='lat' dir='ltr'><strong>de</strong></span> <span class='ocrx_word' id='word_1_417' title='bbox 905 5729 1025 5793; x_wconf 87' lang='lat' dir='ltr'><strong>comite</strong></span> <span class='ocrx_word' id='word_1_418' title='bbox 1038 5727 1181 5792; x_wconf 88' lang='lat' dir='ltr'><strong>Marchie</strong></span> <span class='ocrx_word' id='word_1_419' title='bbox 1194 5734 1256 5794; x_wconf 88' lang='lat' dir='ltr'><strong>etc.</strong></span> 
     </span>
    </p>
   </div>
   <div class='ocr_carea' id='block_1_23' title="bbox 585 5858 2087 6042">
    <p class='ocr_par' dir='ltr' id='par_1_23' title="bbox 585 5858 2087 6042">
     <span class='ocr_line' id='line_1_42' title="bbox 630 5858 2087 5949; baseline -0.002 -23"><span class='ocrx_word' id='word_1_420' title='bbox 630 5865 811 5930; x_wconf 80' lang='lat' dir='ltr'><strong>Willelmua</strong></span> <span class='ocrx_word' id='word_1_421' title='bbox 833 5867 872 5931; x_wconf 91' lang='lat' dir='ltr'><strong>de</strong></span> <span class='ocrx_word' id='word_1_422' title='bbox 894 5864 1052 5949; x_wconf 84' lang='lat' dir='ltr'><strong>Sparhnm</strong></span> <span class='ocrx_word' id='word_1_423' title='bbox 1072 5870 1163 5929; x_wconf 87' lang='lat' dir='ltr'><strong>tenet</strong></span> <span class='ocrx_word' id='word_1_424' title='bbox 1183 5866 1219 5927; x_wconf 89' lang='lat' dir='ltr'><strong>in</strong></span> <span class='ocrx_word' id='word_1_425' title='bbox 1244 5864 1399 5932; x_wconf 67' lang='lat' dir='ltr'><strong>Selenen</strong></span> <span class='ocrx_word' id='word_1_426' title='bbox 1421 5866 1571 5946; x_wconf 73' lang='lat' dir='ltr'><strong>quartam</strong></span> <span class='ocrx_word' id='word_1_427' title='bbox 1593 5865 1722 5944; x_wconf 76' lang='lat' dir='ltr'><strong>partem</strong></span> <span class='ocrx_word' id='word_1_428' title='bbox 1744 5858 1768 5945; x_wconf 82' lang='lat' dir='ltr'><strong>j.</strong></span> <span class='ocrx_word' id='word_1_429' title='bbox 1783 5859 1807 5923; x_wconf 78' lang='lat' dir='ltr'><strong>f.</strong></span> <span class='ocrx_word' id='word_1_430' title='bbox 1824 5878 1869 5924; x_wconf 90' lang='lat' dir='ltr'><strong>m.</strong></span> <span class='ocrx_word' id='word_1_431' title='bbox 1892 5858 1933 5923; x_wconf 89' lang='lat' dir='ltr'><strong>de</strong></span> <span class='ocrx_word' id='word_1_432' title='bbox 1955 5858 2087 5927; x_wconf 87' lang='lat' dir='ltr'><strong>domino</strong></span> 
     </span>
     <span class='ocr_line' id='line_1_43' title="bbox 585 5946 1952 6042; baseline -0.006 -26"><span class='ocrx_word' id='word_1_433' title='bbox 585 5953 766 6039; x_wconf 85' lang='lat' dir='ltr'><strong>Reginaldo</strong></span> <span class='ocrx_word' id='word_1_434' title='bbox 779 5953 869 6039; x_wconf 85' lang='lat' dir='ltr'><strong>Grey</strong></span> <span class='ocrx_word' id='word_1_435' title='bbox 890 5950 961 6042; x_wconf 88' lang='lat' dir='ltr'><strong>[de]</strong></span> <span class='ocrx_word' id='word_1_436' title='bbox 982 5952 1112 6038; x_wconf 81' lang='lat' dir='ltr'><strong>Ryffyn,</strong></span> <span class='ocrx_word' id='word_1_437' title='bbox 1127 5957 1166 6016; x_wconf 93' lang='lat' dir='ltr'><strong>ut</strong></span> <span class='ocrx_word' id='word_1_438' title='bbox 1180 5952 1220 6017; x_wconf 92' lang='lat' dir='ltr'><strong>de</strong></span> <span class='ocrx_word' id='word_1_439' title='bbox 1234 5952 1380 6015; x_wconf 85' lang='lat' dir='ltr'><strong>manerio</strong></span> <span class='ocrx_word' id='word_1_440' title='bbox 1395 5950 1435 6014; x_wconf 93' lang='lat' dir='ltr'><strong>de</strong></span> <span class='ocrx_word' id='word_1_441' title='bbox 1451 5949 1583 6025; x_wconf 84' lang='lat' dir='ltr'><strong>Foxlee,</strong></span> <span class='ocrx_word' id='word_1_442' title='bbox 1598 5950 1633 6011; x_wconf 88' lang='lat' dir='ltr'><strong>et</strong></span> <span class='ocrx_word' id='word_1_443' title='bbox 1648 5946 1737 6011; x_wconf 87' lang='lat' dir='ltr'><strong>idem</strong></span> <span class='ocrx_word' id='word_1_444' title='bbox 1753 5946 1793 6009; x_wconf 97' lang='lat' dir='ltr'><strong>de</strong></span> <span class='ocrx_word' id='word_1_445' title='bbox 1808 5964 1882 6031; x_wconf 74' lang='lat' dir='ltr'><strong>rege</strong></span> <span class='ocrx_word' id='word_1_446' title='bbox 1898 5947 1952 6016; x_wconf 84' lang='lat' dir='ltr'><strong>i.c.</strong></span> 
     </span>
    </p>
   </div>
   <div class='ocr_carea' id='block_1_24' title="bbox 0 0 2515 7044">
    <p class='ocr_par' dir='ltr' id='par_1_24' title="bbox 0 0 2515 7044">
     <span class='ocr_line' id='line_1_44' title="bbox 0 0 2515 7044; baseline 0 0"><span class='ocrx_word' id='word_1_447' title='bbox 0 0 2515 7044; x_wconf 95' lang='lat' dir='ltr'><strong> </strong></span> 
     </span>
    </p>
   </div>
  </div>
 </body>
</html>
