5000 7050
1117 1087 1200 1151 A.D.
1227 1089 1322 1154 1431.
1909 1093 1972 1156 343

515 1361 670 1429 Ricardus
685 1366 815 1432 Duffeld
829 1369 870 1433 de
885 1370 1019 1450 Buten,
1033 1373 1234 1457 gentylman,
1249 1376 1314 1438 fuit
1329 1376 1460 1441 seisitus
1475 1381 1536 1441 etc.
1554 1377 1593 1441 de
1609 1378 1701 1441 terris
1716 1382 1749 1442 et
1773 1377 1972 1442 tenementis

473 1448 508 1510 in
524 1450 669 1531 Bianor,
685 1474 748 1537 que
764 1456 874 1520 valent
888 1462 951 1523 etc.
968 1459 1079 1523 decem
1096 1462 1131 1525 li.

519 1584 700 1652 Willelmus
716 1590 833 1655 Glover
848 1593 888 1656 de
905 1592 1036 1671 Barton,
1053 1615 1183 1678 yoman,
1199 1598 1265 1661 tuit
1280 1600 1410 1664 seisitus
1426 1606 1491 1664 etc.
1507 1600 1548 1665 de
1563 1602 1658 1664 terris
1680 1608 1715 1665 et
1729 1604 1922 1666 tenementis
1936 1604 1971 1665 in

475 1671 620 1751 Bennou,
635 1696 698 1759 que
713 1678 822 1743 valent
839 1685 901 1745 etc.
919 1687 1051 1745 centum
1067 1706 1093 1747 s.
1113 1690 1171 1763 (et)
1190 1704 1255 1747 non
1270 1691 1424 1749 tenentur
1439 1709 1496 1771 per
1511 1690 1684 1752 servicium
1700 1690 1851 1753 militare.

517 1809 658 1874 Domina
683 1812 842 1895 Johanna,
867 1818 994 1882 ducissa
1019 1819 1168 1898 Eboraci,
1182 1822 1247 1884 fuit
1273 1823 1383 1886 seisita
1408 1828 1471 1888 ete.
1488 1824 1528 1887 de
1554 1826 1647 1888 terris
1673 1832 1707 1889 et
1723 1828 1921 1890 tenementis
1936 1829 1972 1890 in

476 1895 612 1978 Orsuae,
631 1900 743 1968 Sonus
759 1904 901 1984 Kreusis,
917 1911 951 1969 et
967 1906 1109 1988 (invem,
1125 1929 1189 1992 que
1205 1910 1315 1972 valent
1331 1916 1393 1975 eto.
1410 1911 1529 1995 viginti
1545 1912 1579 1975 li.

517 2038 657 2101 Domina
682 2038 841 2121 Johanna,
863 2045 1029 2109 comitissa
1053 2046 1186 2127 Kancie,
1210 2046 1275 2111 fuit
1303 2050 1416 2113 seisita
1439 2054 1500 2113 etc.
1518 2049 1557 2113 de
1571 2050 1666 2113 terris
1681 2054 1713 2112 et
1730 2051 1922 2115 tenementis
1937 2052 1972 2114 in

475 2124 592 2190 Nonrn
607 2126 749 2207 Kuussr,
766 2129 918 2210 Hounorv,
936 2138 969 2195 et
985 2134 1172 2212 Ponuntur,
1189 2155 1250 2219 que
1266 2136 1373 2199 valent
1389 2140 1449 2221 etc.
1466 2137 1634 2200 sexdecem
1649 2139 1683 2201 li.

516 2263 662 2347 Rogerus
691 2265 893 2331 Wentworth
922 2270 963 2332 de
995 2271 1161 2351 Gouxhill,
1192 2293 1319 2356 squyer,
1349 2272 1412 2335 fuit
1444 2274 1573 2337 seisitus
1603 2278 1665 2337 etc.
1693 2274 1733 2336 de
1762 2276 1907 2338 manerio
1930 2275 1973 2337 de

475 2348 651 2418 Govxmnn
665 2373 739 2415 cnm
754 2356 821 2417 suis
835 2357 1044 2438 pertinenciis
1059 2360 1094 2421 in
1110 2360 1298 2436 Gouxmnn,
1314 2362 1347 2422 et
1362 2363 1494 2423 tenetur
1511 2380 1569 2443 per
1591 2362 1761 2424 servicium
1782 2362 1973 2426 medietatis
2050 2428 2054 2435 ,

474 2436 497 2502 t.
514 2459 569 2503 un.
585 2459 629 2503 m.
647 2444 685 2502 ut
699 2440 740 2504 de
750 2440 825 2525 jure
841 2443 1013 2529 Margerie‚
1027 2445 1157 2509 domine
1172 2447 1211 2510 de
1226 2445 1322 2525 Roos,
1338 2447 1446 2511 uxoris
1461 2447 1543 2530 ejus.

518 2575 610 2637 Idem
626 2575 771 2660 Rogerus
786 2578 851 2641 fuit
866 2581 994 2644 seisitus
1009 2587 1071 2647 etc.
1089 2582 1128 2645 de
1143 2584 1239 2646 terris
1254 2586 1288 2646 et
1302 2584 1497 2647 tenementis
1512 2584 1547 2647 in
1557 2583 1695 2649 Hsnron
1707 2604 1801 2668 super
1812 2585 1973 2666 Hormus,

475 2665 508 2725 et
525 2667 678 2726 tenentur
690 2684 747 2747 per
763 2667 932 2733 servicium
948 2674 1062 2751 quarte
1077 2670 1179 2753 partis
1195 2670 1217 2734 t.
1235 2691 1291 2735 un.
1309 2692 1353 2735 m.
1370 2676 1409 2734 nt
1424 2670 1550 2755 dejure
1563 2671 1721 2754 predicto.

521 2801 615 2865 Idem
641 2800 787 2885 Rogerus
816 2803 881 2865 fuit
907 2804 1038 2868 seisitus
1061 2810 1124 2871 ete.
1150 2806 1191 2868 de
1221 2807 1366 2869 manerio
1389 2807 1430 2870 de
1454 2805 1576 2872 Mrem
1599 2806 1782 2874 Lmenson
1807 2829 1880 2873 cum
1908 2811 1974 2875 suis

475 2889 931 3059 ddrdienjedddidridddddfflm
945 2892 1100 2975 predicta,
1115 2896 1150 2955 et
1165 2897 1298 2957 tenetur
1312 2913 1369 2976 per
1383 2894 1557 2958 servicium
1572 2901 1686 3013 quarte
1700 2896 1804 2977 partis
1820 2917 1876 2963 un.
1893 2897 1917 2960 f.
1929 2919 1973 2963 m.

517 3111 682 3176 Johannes
705 3112 852 3176 Ellerker
880 3114 919 3177 de
949 3113 1057 3197 Rysby
1081 3115 1115 3176 in
1142 3116 1301 3178 comitatu
1328 3114 1475 3192 Eboraci,
1500 3116 1639 3179 serviens
1668 3116 1792 3181 domini
1818 3120 1904 3203 regis
1932 3119 1974 3182 ad

476 3198 592 3285 legem,
614 3201 680 3263 fuit
703 3200 833 3264 seisitus
862 3207 923 3265 etc.
952 3202 991 3263 de
1015 3221 1082 3264 uno
1107 3204 1250 3265 manerio
1276 3204 1311 3265 in
1342 3204 1481 3269 Hsnrorv
1511 3203 1669 3286 predicta,
1695 3216 1730 3267 et
1759 3210 1888 3268 tenetur
1916 3226 1975 3289 per

474 3288 644 3351 servicium
659 3294 771 3369 quarte
785 3288 888 3370 partis
902 3308 957 3352 un.
972 3288 996 3351 f.
1010 3309 1056 3354 m.

518 3424 540 3488 J
541 3422 682 3489 ohannes
696 3422 860 3488 Vavasour
873 3424 912 3487 de
927 3423 1098 3508 Hesylwod
1113 3426 1147 3487 in
1163 3424 1323 3488 comitatu
1336 3426 1482 3505 Eboraci,
1496 3445 1622 3509 squyer,
1632 3425 1697 3489 fuit
1712 3427 1842 3491 saisitus
1857 3434 1920 3495 etc.
1933 3430 1974 3494 de

472 3518 540 3576 ‘uno
555 3512 700 3576 manerio
714 3534 788 3575 cum
803 3512 870 3575 suis
883 3513 1092 3597 pertinenciis
1110 3514 1146 3576 in
1170 3513 1307 3578 Hsmou
1329 3512 1486 3596 predicta,
1512 3523 1544 3577 et
1568 3518 1698 3578 tenetur
1720 3536 1779 3599 per
1803 3516 1974 3582 servicium

476 3608 590 3684 quarte
605 3603 706 3683 partis
721 3599 742 3661 f.
760 3619 817 3666 un.
834 3620 877 3663 m.

519 3739 660 3802 Thomas
682 3738 898 3802 Mussendene
923 3740 964 3803 de
981 3739 1111 3824 Helyng
1125 3739 1160 3803 in
1175 3739 1335 3803 comitatu
1350 3709 1530 3815 Lincolnie‚
1546 3759 1672 3823 squyer‚
1687 3739 1752 3804 fuit
1766 3743 1897 3807 seisitus
1910 3749 1974 3811 etc.

477 3827 518 3889 de
532 3827 628 3890 terris
643 3831 677 3890 et
693 3828 890 3890 tenementis
904 3828 939 3890 in
956 3827 1221 3909 (tonsuramque
1236 3827 1345 3890 valent
1360 3833 1423 3891 etc.
1440 3826 1551 3889 decem
1567 3849 1664 3892 marc.

519 3962 711 4028 Edmundus
734 3962 880 4048 Gascryk
904 3963 944 4027 de
968 3962 1196 4047 Kelyngholm‚
1222 3983 1348 4047 squyer,
1376 3963 1442 4026 fuit
1468 3963 1596 4026 seisitus
1624 3970 1687 4028 etc.
1702 3965 1742 4028 de
1765 3967 1909 4030 manerio
1934 3967 1975 4031 de

478 4051 721 4130 Knnruononu,
737 4058 769 4114 et
785 4057 916 4114 tenetur
931 4072 987 4135 per
1002 4053 1174 4115 servicium
1189 4061 1279 4114 sexte
1294 4053 1396 4134 partis
1411 4051 1434 4115 f.
1451 4071 1508 4115 un.
1524 4072 1568 4116 m.

522 4189 629 4251 Abbss
652 4187 692 4251 de
715 4187 870 4252 Neuhous
896 4190 961 4252 tuit
984 4190 1115 4253 seisitus
1141 4195 1205 4256 eto.
1222 4189 1263 4253 de
1288 4190 1385 4252 terris
1409 4192 1443 4252 et
1469 4189 1666 4253 tenementis
1681 4190 1716 4252 in
1731 4191 1977 4270 Eumenous,

478 4276 657 4354 Hesunon,
672 4282 705 4338 et
720 4275 950 4352 Bacuenses,
964 4281 999 4339 et
1014 4282 1167 4340 tenentur
1181 4298 1240 4360 per
1255 4277 1428 4340 servicium
1444 4281 1535 4339 sexte
1549 4277 1652 4359 partis
1667 4278 1690 4339 f.
1706 4298 1759 4341 un.
1776 4300 1821 4345 m.

521 4413 612 4476 Prior
637 4413 676 4476 de
706 4413 813 4495 Kyme
841 4413 907 4476 suit
935 4415 1064 4477 seisitus
1087 4419 1149 4480 etc.
1176 4415 1216 4478 de
1241 4415 1386 4478 manerio
1410 4413 1451 4476 de
1482 4413 1674 4491 lumem,
1697 4426 1732 4478 et
1755 4421 1890 4480 tenetur
1918 4438 1977 4502 per

477 4503 646 4564 servicium
662 4507 775 4583 quarte
789 4503 891 4583 partis
906 4500 928 4564 f.
945 4521 1001 4566 un.
1018 4521 1064 4568 m.
1143 4519 1146 4524 ’

522 4652 703 4715 Willelmus
728 4651 768 4715 de
792 4649 970 4736 Skypwyth
994 4652 1035 4715 de
1060 4650 1232 4737 Haburgh‚
1259 4673 1384 4736 squyer‚
1408 4651 1474 4716 fuit
1502 4653 1632 4715 seisitus
1657 4657 1720 4717 etc.
1745 4651 1788 4717 de
1817 4655 1911 4717 terris
1941 4660 1976 4720 et

478 4739 675 4804 tenementis
689 4739 724 4800 in
740 4739 914 4805 Eunonen
924 4745 958 4805 et
973 4739 1209 4819 Kramones,
1224 4760 1288 4824 que
1302 4740 1412 4804 valent
1426 4745 1489 4803 etc.
1504 4739 1614 4802 decem
1628 4763 1726 4805 marc.

520 4890 684 4954 Johannes
706 4889 849 4953 Tailbois
866 4890 911 4953 ide
938 4889 1195 4976 Stalyngburgh‚
1210 4913 1336 4976 squyer,
1362 4892 1427 4956 fuit
1454 4891 1583 4956 seisitus
1609 4895 1672 4957 etc.
1697 4892 1738 4955 de
1765 4893 1909 4960 manerio
1934 4893 1976 4958 de

480 4979 755 5056 Snsnruesunen,
768 4984 804 5041 et
818 4982 951 5041 tenetur
965 4999 1024 5062 per
1039 4982 1213 5043 servicium
1228 4980 1419 5043 medietatis
1434 4980 1456 5041 t.
1472 4999 1528 5044 un.
1545 4999 1588 5043 m.

521 5130 703 5194 Willelmus
727 5129 802 5192 Wer
831 5129 870 5193 de
899 5128 1151 5216 Stalyngburgh‚
1177 5132 1377 5217 gentylman,
1401 5130 1468 5193 tuit
1497 5130 1629 5193 seisitus
1657 5133 1721 5197 etc.
1752 5130 1791 5192 de
1818 5131 1913 5194 terris
1942 5134 1977 5195 et

479 5218 673 5298 tenementis
687 5217 722 5279 in
740 5217 1014 5297 Srmrusnurefflr,
1031 5240 1094 5303 que
1109 5220 1220 5283 velent
1235 5228 1299 5284 etc.
1315 5225 1449 5282 centum
1463 5218 1556 5282 solid.

521 5369 678 5433 Ricardus
702 5367 799 5453 Hagh
825 5370 866 5433 de
892 5369 1001 5455 Hagh,
1028 5391 1156 5454 squyer,
1181 5371 1247 5436 tuit
1273 5371 1403 5434 seisitus
1423 5368 1544 5433 stede
1568 5367 1664 5430 terris
1679 5372 1713 5430 et
1729 5367 1925 5431 tenementis
1941 5369 1976 5430 in

480 5455 627 5536 Kuunev,
644 5477 705 5540 que
720 5458 829 5521 valent
843 5464 907 5523 etc.
921 5465 1055 5521 centum
1069 5460 1161 5524 solid.

522 5608 685 5673 Johannes
710 5609 877 5694 Hampton
903 5611 943 5675 de
973 5611 1164 5696 Grymesby,
1189 5609 1391 5696 gentylman‚
1415 5608 1480 5672 fuit
1505 5607 1636 5670 seisitus
1664 5611 1728 5670 etc.
1755 5604 1796 5668 de
1822 5603 1917 5668 terris
1941 5617 1974 5670 et

479 5697 676 5762 tenementis
691 5699 725 5760 in
741 5698 889 5777 Knnmr,
904 5719 967 5782 que
982 5700 1091 5763 valent
1106 5705 1168 5764 etc.
1185 5705 1317 5762 centum
1332 5697 1423 5761 solid.

524 5842 706 5906 Willelmus
735 5844 866 5928 Hamby
890 5845 929 5907 de
959 5844 1166 5931 Brolrelesby‚
1192 5845 1392 5932 gentylman‚
1417 5841 1483 5905 fuit
1512 5839 1643 5903 seisitus
1666 5842 1729 5901 ete.
1754 5836 1795 5900 de
1821 5837 1915 5900 terris
1942 5841 1978 5901 et

482 5930 675 5998 tenementis
689 5931 724 5994 in
739 5931 968 6012 Bsonnnnsns,
985 5939 1019 5998 et
1035 5939 1192 5998 tenentur
1205 5954 1263 6021 per
1277 5931 1448 5996 servicium
1463 5933 1551 5992 sexte
1565 5925 1669 6012 partis
1684 5925 1707 5991 f.
1724 5945 1780 5989 un.
1795 5945 1840 5994 m.
