5000 7050
528 1096 590 1159 194
1177 1097 1383 1165 LINGOLN.

566 1377 681 1443 Comes
696 1382 737 1445 de
752 1382 861 1467 Angor
876 1388 968 1448 tenet
982 1385 1029 1470 vj.
1041 1391 1169 1468 partem
1185 1407 1242 1451 un.
1258 1387 1283 1450 f.
1301 1387 1334 1449 in
1351 1388 1517 1464 Asomzxr,
1539 1407 1636 1470 quam
1658 1383 1831 1467 Philippus
1855 1382 1894 1446 de
1921 1383 2028 1466 Kyme

524 1467 687 1550 quondam
701 1471 821 1535 tenuit.

566 1604 659 1668 Idem
674 1612 782 1670 eomes
797 1612 889 1671 tenet
902 1610 927 1694 j.
944 1610 967 1674 f.
983 1611 1017 1670 in
1034 1612 1228 1687 Aswrxnm,
1241 1611 1327 1694 quod
1342 1613 1429 1675 idem
1444 1611 1616 1694 Philippus
1631 1609 1794 1693 quondam
1809 1609 1929 1673 tenuit.

567 1741 672 1805 Adam
701 1743 742 1806 de
772 1742 944 1808 ernewell
973 1750 1065 1809 tenet
1093 1747 1155 1832 iiij.
1183 1753 1309 1830 partem
1339 1749 1364 1834 ]“.
1395 1749 1419 1812 i.
1449 1751 1484 1810 in
1515 1749 1667 1813 Krrxxssr
1694 1752 1728 1810 ei
1757 1747 1908 1824 vanox,
1939 1745 2023 1829 quod

523 1827 706 1892 Willelmus
720 1830 760 1894 de
776 1829 949 1922 Cranerrell
963 1835 1126 1917 quondam
1140 1837 1261 1900 tenuit.
1290 1831 1293 1838 ’

565 1966 749 2030 Wilielmus
764 1969 892 2032 Hubert
908 1975 999 2034 tenet
1013 1991 1066 2036 xx.
1081 1979 1209 2054 partem
1225 1993 1280 2037 un.
1297 1973 1319 2037 f.
1335 1973 1370 2034 in
1386 1973 1552 2050 Asamum,
1569 1992 1668 2054 quam
1695 1968 1863 2057 h[eres]‘¹)
1873 1972 2023 2056 magistri

522 2052 562 2115 de
576 2053 722 2137 Asgerby
736 2056 901 2137 quondam
916 2059 1037 2123 tenuit.

568 2189 662 2254 Idem
687 2191 873 2257 Willelmus
897 2201 987 2258 tenet
1009 2218 1083 2262 xxx.
1107 2201 1235 2280 partem
1259 2197 1282 2282 j.
1299 2196 1320 2261 f.
1337 2198 1371 2258 in
1395 2196 1560 2276 Asarinum
1576 2217 1674 2280 quam
1702 2196 1863 2260 Henrieus
1896 2199 2022 2274 (rectius

521 2275 705 2359 heredes)(¹)
720 2280 856 2366 Gilgrey
871 2283 1033 2365 quondam
1050 2286 1157 2364 tenuit
1175 2289 1387 2369 (tenuerunt).
1518 2333 1528 2343 .

564 2415 746 2482 Alexander
771 2419 909 2483 Aunoell
929 2424 1023 2484 tenet
1049 2421 1120 2506 viij.
1134 2426 1262 2504 partem
1286 2423 1311 2509 j.
1328 2421 1351 2486 f.
1368 2424 1403 2484 in
1425 2423 1589 2498 Iwixnxr,
1610 2441 1709 2503 quam
1736 2419 1820 2483 Lora
1843 2420 1884 2484 de
1908 2419 2021 2483 Gaunt

521 2507 684 2586 quondam
699 2507 817 2572 tenuit.

564 2639 721 2706 Ricardus
745 2626 853 2729 Py‘goi
878 2650 968 2710 tenet
997 2667 1028 2711 v.
1051 2652 1178 2729 partem
1204 2667 1260 2711 un.
1285 2646 1308 2711 f.
1333 2649 1369 2709 in
1394 2646 1552 2726 Howxm,
1580 2665 1679 2729 quam
1706 2644 1897 2728 Radulphus
1921 2645 2019 2730 Pigot

521 2731 683 2812 quondam
698 2734 818 2797 tenuit.

348 2871 358 2898 ⁸
472 2881 475 2887 ·
563 2865 724 2931 Henrious
738 2870 779 2933 de
794 2868 968 2954 Loughton
983 2874 1074 2933 tenet
1090 2869 1135 2935 di.
1151 2869 1173 2934 f.
1190 2871 1223 2932 in
1240 2871 1349 2950 Hirr,
1366 2871 1451 2952 quod
1468 2869 1571 2933 Adam
1594 2871 1634 2932 de
1657 2866 1829 2953 Loughton
1857 2869 2019 2952 quondam

521 2955 639 3020 tenuit.

563 3091 723 3156 Henricus
737 3093 826 3155 filius
840 3091 1000 3157 iohannis
1015 3092 1056 3156 de
1071 3093 1163 3157 Bello
1178 3093 1293 3156 Monte
1309 3098 1401 3157 tenet
1415 3092 1475 3178 iiij.
1491 3099 1616 3176 partem
1630 3093 1712 3155 dieii
1727 3093 1749 3158 s.
1765 3112 1863 3174 quam
1880 3091 1963 3156 Lora
1977 3093 2018 3156 de

520 3177 633 3242 Gaunt
646 3181 810 3262 quondam
825 3181 945 3246 tenuit.
1041 3196 1048 3210 ‘
1348 3217 1350 3221 ·

561 3312 728 3379 iohannes
755 3315 796 3378 de
828 3313 948 3379 Sutton
979 3320 1069 3379 tenet
1100 3317 1144 3402 vj.
1174 3319 1299 3399 partem
1328 3317 1352 3401 ]“.
1383 3317 1406 3380 f.
1432 3316 1466 3378 in
1498 3316 1606 3392 Hirr,
1634 3335 1732 3397 quam
1762 3313 1945 3378 Willeimus
1977 3317 2018 3380 de

520 3399 751 3485 Swynesheved
767 3403 927 3487 quondam
943 3404 1063 3468 tenuit.

559 3538 727 3604 iohannes
740 3541 781 3604 de
796 3540 881 3605 Hale
901 3548 992 3605 tenet
1014 3542 1073 3626 xij.
1087 3548 1213 3625 partem
1235 3562 1290 3606 un.
1308 3541 1331 3606 f.
1347 3542 1381 3603 in
1406 3541 1513 3618 Hirr,
1536 3548 1633 3625 quam
1657 3539 1842 3605 Wilielmus
1865 3541 1906 3604 de
1934 3540 2018 3605 Hale

519 3628 680 3711 quondam
695 3630 814 3693 tenuit.

559 3764 724 3831 Johannes
750 3765 875 3829 Howell
899 3771 992 3830 tenet
1015 3766 1072 3850 xij.
1101 3771 1228 3850 parbem
1246 3766 1274 3851 j.
1297 3766 1321 3831 f.
1345 3768 1379 3829 in
1408 3766 1604 3843 Hxxrrror‚
1628 3784 1726 3847 quam
1755 3766 1951 3830 Laurencius
1978 3765 2017 3830 de

518 3854 643 3919 Howell
657 3854 820 3938 quondam
835 3856 954 3919 tenuit.
1245 3866 1253 3881 ·

560 3993 721 4057 Robertus
734 3995 776 4058 de
790 3991 990 4078 Hekyngton
1007 3997 1101 4055 tenet
1115 3992 1172 4077 xij.
1188 3996 1315 4074 partem
1330 3992 1355 4077 j.
1372 3990 1395 4057 f.
1411 3993 1446 4053 in
1461 3990 1584 4055 eadem.

517 4129 700 4283 te'liipmar
725 4131 881 4216 Anglious
904 4136 999 4194 tenet
1023 4150 1075 4195 xx.
1104 4135 1230 4213 partem
1254 4131 1278 4215 ]“.
1304 4130 1329 4195 f.
1357 4150 1454 4213 quam
1482 4129 1643 4192 Roberius
1669 4128 1828 4213 ,Anglicus
1853 4128 2014 4210 quondam

550 4238 608 4281 nm
627 4264 635 4280 .

560 4352 751 4417 Elizabetha
776 4355 931 4437 Laiymer
952 4358 1046 4417 tenet
1067 4353 1127 4438 iiij.
1143 4360 1271 4435 partem
1286 4360 1321 4418 et
1337 4375 1365 4417 v.
1382 4358 1510 4436 partem
1526 4354 1550 4437 j.
1566 4352 1589 4415 f.
1605 4354 1640 4415 in
1656 4352 1924 4433 Hxnrxrxorrxrr,
1938 4373 2017 4436 quas

517 4440 689 4525 Philippus
704 4442 744 4504 de
761 4442 866 4525 Kyme
881 4442 1044 4525 quondam
1059 4442 1178 4504 tenuit.

559 4580 651 4642 Prior
666 4579 706 4642 de
723 4577 840 4641 Sixhill
856 4584 947 4642 tenet
963 4600 1013 4643 xx.
1030 4588 1157 4662 partem
1173 4578 1254 4641 dieti
1269 4576 1292 4641 f.

559 4714 704 4777 Hawisia
718 4714 759 4776 de
775 4712 1021 4798 Thirkyngham
1039 4719 1074 4777 et
1089 4712 1229 4777 Thomas
1245 4713 1286 4777 de
1302 4712 1420 4797 Wykes
1436 4718 1552 4777 tenent
1568 4712 1614 4797 iij.
1631 4717 1737 4796 paries
1753 4716 1790 4775 et
1806 4712 1876 4797 viij.
1890 4716 2016 4795 partem
2045 4688 2049 4697 ⁸

514 4804 540 4889 j.
557 4801 580 4867 f.
596 4802 632 4864 in
649 4802 931 4881 S(x)xx1>rx‹rror,
945 4822 1024 4885 quas
1039 4802 1199 4866 Robertus
1214 4802 1368 4886 Hauteyn
1384 4800 1546 4884 quondam
1561 4802 1681 4865 tenuit.

559 4938 652 5001 Prior
664 4939 706 5002 de
721 4937 971 5021 Sempringham
986 4944 1081 5002 tenet
1097 4939 1165 5025 viij.
1181 4944 1309 5022 partem
1324 4937 1472 5029 ejusdem
1487 4938 1511 5002 f.
1527 4938 1561 4998 in
1578 4936 1703 5002 eadem.

557 5076 696 5139 Thomas
711 5075 750 5138 de
766 5074 881 5139 Wikes
896 5082 988 5139 tenet
1002 5076 1115 5161 xxviij.
1131 5081 1257 5159 partem
1271 5076 1295 5161 j.
1312 5076 1335 5139 f.
1352 5076 1388 5137 in
1404 5074 1530 5150 eadem,
1545 5093 1625 5155 quas
1642 5072 1803 5136 Walterus
1817 5069 1859 5136 de
1880 5072 2015 5157 Norwys

515 5164 678 5248 quondam
693 5165 812 5228 tenuit.

516 5298 699 5452 teCl'iipmas
713 5299 817 5364 wake
831 5304 922 5365 tenet
937 5322 989 5366 xv.
1004 5304 1129 5384 partem
1145 5301 1170 5387 j.
1188 5300 1211 5364 f.
1227 5301 1262 5362 in
1278 5300 1431 5380 Moxrorx
1447 5321 1545 5385 quam
1561 5300 1710 5365 Johanna
1725 5296 1827 5361 Wake
1853 5299 2015 5382 quondam

551 5408 610 5451 nur
628 5434 638 5455 .

431 5533 437 5541 ’
559 5522 742 5585 Wilielmus
761 5521 801 5585 de
824 5522 974 5606 Poynton
1001 5526 1090 5587 tenet
1116 5524 1162 5587 di.
1189 5526 1213 5588 f.
1239 5525 1275 5587 in
1300 5525 1465 5603 ΡοΥΝΤοΝ,
1491 5523 1576 5605 quod
1607 5520 1766 5585 Robertus
1796 5522 1836 5584 de
1866 5522 2014 5606 Poynion

515 5609 677 5695 quondam
693 5612 813 5675 tenuit.

558 5747 703 5832 Rogerus
727 5745 882 5832 Birthorp
906 5753 1002 5813 tenet
1025 5749 1095 5833 viij.
1120 5756 1246 5833 partem
1270 5750 1295 5835 j.
1319 5748 1344 5814 f.
1372 5751 1407 5811 in
1439 5748 1630 5826 Brxrrrorr‚
1659 5766 1757 5829 quam
1780 5733 1946 5810 Johanies
1975 5749 2015 5811 de

516 5834 671 5918 Birthorp
687 5836 850 5918 quondam
866 5837 986 5903 tenuit.

837 5986 866 6053 (¹)
887 5988 946 6036 Ticis
959 5990 1035 6048 resera
1048 5996 1072 6035 to
1084 5989 1124 6035 the
1138 5989 1166 6035 Τ.
1181 5989 1211 6036 de
1224 5990 1255 6036 N.
1270 5994 1367 6038 tonarii.
1405 5989 1449 6036 See
1462 5988 1502 6035 tire
1511 5986 1630 6048 previous
1641 5984 1699 6033 Aid.
