5000 7050
544 1042 608 1110 602
1189 1045 1412 1113 NORPOLK.

586 1328 727 1403 Thomas
742 1330 849 1407 Galle,
863 1333 1059 1416 capellanus,
1070 1343 1104 1399 et
1119 1334 1276 1400 Ricardus
1292 1335 1441 1402 Hocham
1458 1341 1572 1402 tenent
1585 1358 1688 1404 uuum
1704 1341 1901 1424 quarterium
1916 1341 1940 1407 f.
1954 1363 2001 1406 m.
2012 1342 2050 1404 in

543 1417 703 1484 Bormouu
718 1419 882 1502 quondam
900 1421 1049 1485 Matildis
1063 1422 1104 1486 ds
1120 1421 1281 1489 Roklond.

587 1557 772 1623 willelmus
795 1556 955 1644 Schorrsy‚
978 1557 1141 1625 Johannes
1165 1561 1271 1628 Salter
1300 1568 1335 1628 et
1364 1565 1540 1648 peroenarii
1573 1566 1624 1630 sui
1654 1569 1770 1630 tenent
1797 1566 1832 1629 in
1863 1566 2049 1632 Romouua

545 1645 590 1711 di.
606 1646 630 1711 f.
647 1668 692 1711 m.
708 1647 869 1729 quondam
886 1647 1018 1718 Roberti
1034 1648 1213 1716 Benelond.

588 1783 768 1869 Collegium
783 1785 823 1848 de
837 1785 1014 1850 'Pomstone
1029 1793 1121 1852 tenet
1134 1789 1169 1850 in
1187 1789 1389 1857 Scaurorum
1405 1789 1449 1855 di.
1459 1790 1482 1854 f.
1495 1812 1539 1856 m.
1551 1811 1607 1874 per
1621 1795 1809 1874 perpetuam
1824 1790 2047 1855 elemosinam.

589 1923 734 2008 Rogerus
748 1923 779 1986 le
794 1921 901 1987 cause
915 1928 1009 1988 tenet
1023 1926 1058 1987 in
1069 1926 1277 2025 'Scaaorusu
1293 1927 1337 1990 di.
1353 1926 1378 1992 f.
1395 1949 1440 1993 m.

503 2117 505 2121 ,
546 2060 694 2210 BAllicia
708 2058 829 2123 Breclis
843 2064 936 2123 tenet
951 2080 1055 2124 unum
1070 2063 1271 2144 quarterium
1295 2063 1380 2128 tm.
1407 2064 1442 2126 in
1469 2062 1671 2131 Scflaoeuau
1695 2062 1860 2146 quondam
1886 2062 2049 2128 Johanuis

575 2168 626 2213 rec
639 2169 687 2232 ys.

587 2286 705 2351 Petrus
718 2284 757 2347 de
773 2283 980 2368 Schropham,
994 2285 1137 2370 Rogerns
1151 2287 1183 2351 le
1199 2285 1318 2369 Cause,
1334 2287 1518 2354 Willclmus
1532 2289 1574 2353 de
1588 2288 1735 2353 Hoeham
1750 2310 1825 2354 curn
1851 2291 2049 2374 perueneriis

544 2374 611 2439 suis
625 2378 741 2438 tenent
757 2371 803 2437 di.
819 2371 842 2437 f.
859 2393 904 2437 m.
921 2375 956 2436 in
975 2374 1186 2441 Scuaorusu.

545 2600 566 2663 d
586 2511 746 2660 {obqrtus
771 2507 951 2595 Herlynge,
964 2511 1070 2589 miles,
1083 2516 1177 2576 tenet
1190 2512 1226 2596 ij.
1242 2512 1389 2596 pertesi.
1405 2535 1450 2579 m.
1467 2515 1502 2578 in
1518 2514 1699 2582 Lmrusn
1715 2515 1876 2598 quondam
1898 2515 2050 2580 Matildis

567 2621 585 2664 e
627 2620 664 2683 yr
675 2617 771 2683 ynge.

544 2736 746 2890 effertus
760 2734 887 2800 Busche
900 2740 995 2800 tenet
1009 2756 1113 2800 unum
1128 2739 1331 2821 quarterium
1345 2737 1369 2803 f.
1384 2759 1428 2805 m.
1440 2739 1474 2802 in
1492 2740 1691 2806 Besuuoaua
1706 2741 1870 2822 quondam
1886 2739 2048 2808 Willelmi

643 2844 698 2889 ne.

585 2963 723 3028 Thomas
737 2961 872 3045 Rydone
886 2967 979 3026 tenet
993 2981 1097 3026 unum
1112 2963 1312 3045 quarterium
1329 2965 1352 3030 f.
1369 2984 1414 3030 m.
1431 2963 1594 3047 quondam
1613 2963 1707 3030 Alani
1722 2965 1763 3028 de
1778 2966 1891 3050 Ansty.

585 3101 746 3200 Henricus
761 3100 919 3183 Waryner
934 3103 1025 3163 tenet
1033 3099 1062 3182 j.
1078 3101 1101 3165 f.
1119 3121 1164 3165 m.
1180 3100 1303 3194 ibidem
1319 3100 1482 3187 quondam
1499 3101 1632 3166 Henrici
1647 3102 1745 3184 Pege.

543 3326 571 3389 B
587 3238 733 3388 (ἐϋνζωε
747 3237 850 3301 Grose
864 3241 956 3301 tenet
970 3240 1005 3300 in
1022 3239 1233 3306 Innruerous
1248 3259 1352 3302 uuum
1368 3241 1569 3323 quarterium
1589 3239 1612 3305 f.
1630 3261 1674 3306 m.
1699 3242 1862 3326 quondam
1886 3240 2047 3308 Willelmi

572 3347 591 3390 o
616 3345 656 3389 en
680 3346 745 3390 am.

543 3461 750 3617 Bchhagnes
773 3461 916 3528 cursone
939 3465 1030 3528 tenet
1052 3463 1087 3526 in
1117 3461 1267 3531 Wunusu
1291 3464 1328 3550 ij.
1355 3465 1522 3548 quarteria
1545 3464 1570 3530 f.
1587 3486 1632 3531 m.
1658 3465 1823 3550 quondam
1838 3465 1987 3532 Matildis
2003 3468 2046 3533 de

572 3571 613 3636 oy
625 3571 667 3615 on
692 3574 721 3617 e.

585 3682 727 3755 Matilda
749 3690 790 3753 de
815 3689 1019 3773 Mounteney
1041 3695 1076 3754 et
1100 3689 1288 3772 Margareta
1310 3689 1350 3752 de
1378 3689 1578 3773 Mountensy
1592 3694 1709 3755 tenent
1723 3710 1826 3755 unum
1841 3694 2046 3775 quarterium

540 3781 566 3847 f.
583 3802 628 3846 rn.
646 3779 767 3843 ibidem
782 3777 943 3860 quondam
959 3777 1118 3841 Johanuis
1133 3775 1313 3841 Wetehalle
1332 3774 1522 3864 [Bochale].

585 3929 748 3994 Johannes
762 3926 886 3992 Perker
899 3932 996 3993 tenet
1009 3929 1045 3991 in
1062 3928 1249 3994 Bouauaau
1264 3924 1308 3991 di.
1323 3926 1346 3991 f.
1362 3947 1408 3993 m.
1425 3928 1591 4012 quondam
1607 3928 1767 3992 Willelmi
1783 3929 1985 3996 Bokenham.

585 4085 678 4150 Prior
691 4085 733 4148 de
748 4084 877 4148 Tefford
891 4039 983 4147 tenet
999 4084 1034 4148 in
1050 4086 1286 4151 Buaruauuau
1303 4086 1348 4150 di.
1364 4083 1387 4149 f.
1405 4107 1450 4152 m.
1467 4084 1630 4168 quondam
1644 4084 1820 4149 Alexandri
1835 4086 1874 4149 de
1889 4082 2048 4171 Rothyng

542 4194 598 4257 per
612 4179 804 4257 perpetuam
819 4172 1042 4238 elemosinam.
1450 4208 1454 4213 -

585 4302 766 4410 Collegium
781 4324 822 4388 de
839 4324 1026 4390 Rusworthe
1042 4332 1133 4390 tenet
1148 4347 1251 4390 unum
1268 4328 1468 4411 quarterium
1482 4326 1606 4391 ibidem
1630 4326 1793 4412 quondam
1819 4324 2047 4389 Bartholomei

540 4411 719 4476 Braumton
742 4410 1000 4500 [Breaunsoun].

583 4564 677 4628 Idem
707 4566 881 4653 collegium
906 4572 998 4629 tenet
1027 4588 1131 4631 unum
1160 4568 1362 4651 quarterium
1390 4570 1426 4632 in
1456 4569 1692 4634 Buerunuusu
1722 4565 1883 4652 quondam
1921 4563 2047 4629 Thome

541 4650 752 4736 Brokedychc
766 4656 802 4718 in
817 4658 1008 4738 perpetuam
1022 4656 1245 4722 elemosinam.

583 4809 675 4873 Prior
700 4810 740 4874 de
766 4810 938 4889 Westacre,
964 4811 1157 4875 Edmundus
1177 4812 1290 4896 wate
1314 4815 1349 4874 et
1373 4810 1535 4875 Robertus
1558 4809 1669 4892 Payne
1695 4812 1810 4873 tenent
1825 4810 1859 4872 in
1876 4810 2045 4875 Quonam

540 4900 677 4961 terciam
692 4904 822 4983 portem
836 4899 859 4963 f.
875 4920 920 4964 m.
937 4899 1101 4983 quondam
1116 4899 1275 4966 Willelmi
1290 4897 1530 4985 Crungelthorp
1545 4901 1581 4963 et
1595 4898 1852 4982 peroenariorum
1869 4915 2013 4961 suorum.

583 5050 729 5115 Oliverus
744 5050 848 5114 Groce
864 5054 957 5114 tenet
972 5050 1017 5115 di.
1035 5050 1058 5114 f.
1074 5073 1121 5117 m.
1138 5051 1173 5114 in
1193 5052 1411 5120 Surruarouu
1427 5051 1591 5135 quondam
1608 5048 1758 5134 Hugonis
1772 5048 1812 5113 de
1827 5047 2029 5115 Bokenham.

583 5204 675 5268 Prior
689 5204 730 5268 de
746 5203 909 5269 Westacre
923 5210 1016 5269 tenet
1030 5206 1064 5268 in
1080 5207 1249 5274 Rououau
1265 5226 1368 5269 unum
1383 5206 1585 5290 quarterium
1599 5202 1623 5269 f.
1640 5225 1685 5270 m.
1697 5223 1755 5288 per
1769 5200 1941 5265 servicium
1957 5202 2046 5284 quod

539 5294 720 5376 ignoratur,
734 5314 791 5377 pro
806 5313 869 5377 quo
884 5292 980 5357 solvit
995 5292 1148 5360 decimas.

540 5518 560 5581 d
583 5429 924 5580 Jffihffnesmmyfe'
940 5430 1046 5508 miles,
1061 5437 1152 5495 tenet
1166 5432 1201 5495 in
1225 5432 1473 5497 Arrrnaoaowa
1497 5432 1521 5517 j.
1536 5430 1560 5494 f.
1576 5452 1621 5495 m.
1646 5427 1809 5512 quondam
1835 5425 2046 5492 Constantini

562 5540 580 5583 e
633 5538 652 5580 o
684 5539 727 5581 uo
780 5539 839 5580 arr.

581 5654 762 5739 Collegium
786 5656 827 5719 de
849 5654 1069 5737 Attylborowe
1094 5660 1185 5721 tenet
1213 5658 1248 5719 in
1279 5656 1492 5722 uerrucam
1523 5654 1728 5739 quarterium
1758 5653 1781 5717 f.
1808 5672 1854 5716 m.
1881 5648 2045 5735 quondam

540 5741 697 5806 Willelmi
712 5741 886 5827 Poygnent
901 5762 958 5824 per
973 5747 1165 5826 perpetuam
1180 5744 1405 5809 elemosinam.

581 5880 729 5944 Oliverus
743 5880 846 5945 Grose
860 5884 956 5945 tenet
971 5882 1016 5945 di.
1032 5881 1054 5946 f.
1071 5903 1116 5948 m.
1132 5884 1167 5947 in
1185 5883 1406 5952 Susruuuoun
1422 5880 1585 5967 quondam
1603 5878 1754 5966 Hugonis
1768 5878 1810 5943 de
1826 5872 2031 5943 Bokenham.
