5000 7050
530 1059 596 1127 220
1171 1068 1393 1138 moolli.

574 1350 759 1433 willelmus
782 1354 822 1417 de
847 1354 1039 1420 Barkworth
1061 1363 1096 1422 et
1118 1361 1198 1423 socii
1221 1362 1273 1424 sui
1288 1365 1405 1425 tenent
1418 1363 1456 1446 ij.
1475 1362 1497 1426 f.
1515 1362 1551 1425 in
1567 1361 1696 1428 Corsos
1712 1367 1746 1424 et
1763 1361 1956 1439 Noamrsar,
1973 1380 2036 1445 que

531 1435 674 1502 Thomas
689 1438 834 1524 Braybof
843 1442 1009 1526 quondam
1023 1448 1145 1511 tenuit.

574 1575 683 1641 Abbas
697 1578 738 1641 de
754 1578 909 1646 Neuhous
924 1586 1015 1648 tenet
1028 1584 1074 1650 di.
1088 1585 1111 1649 f.
1120 1587 1156 1649 in
1170 1587 1294 1650 eisdem
1308 1587 1409 1664 villis,
1417 1587 1502 1673 quod
1518 1586 1607 1652 idem
1622 1586 1721 1651 abbas
1736 1587 1899 1670 quondam
1916 1587 2033 1651 tenuit.

530 1713 667 1867 telllllriitor
692 1717 873 1801 Hospitalis
896 1727 988 1787 tenet
1014 1723 1058 1788 di.
1074 1721 1098 1788 f.
1115 1725 1151 1788 in
1175 1725 1300 1789 eisdem
1314 1725 1414 1804 villis,
1428 1726 1514 1811 quod
1540 1727 1696 1811 magister
1717 1724 1847 1809 Templi
1869 1725 2033 1837 quondam

574 1939 714 2006 Jaoobus
729 1943 769 2007 de
794 1944 860 2009 Ros
884 1952 975 2012 tenet
998 1949 1050 2035 iij.
1077 1955 1186 2034 partes
1212 1951 1258 2018 di.
1284 1951 1308 2018 f.
1333 1953 1369 2016 in
1392 1953 1589 2030 Nosmmsr,
1613 1971 1693 2036 quas
1718 1951 1878 2016 Roberlus
1902 1951 1942 2016 de
1968 1949 2034 2014 Ros

528 2028 691 2110 quondam
707 2034 827 2099 tenuit.

572 2163 678 2228 Abbss
694 2167 734 2230 de
749 2167 903 2232 Nsuhous
918 2176 1011 2235 tener
1026 2174 1097 2258 viij.
1113 2179 1240 2256 partem
1256 2176 1338 2238 disti
1352 2174 1376 2240 f.
1393 2175 1428 2239 in
1443 2175 1566 2240 eadem.

572 2300 718 2386 Rogerus
733 2306 774 2368 ds
790 2307 926 2392 Estarby
941 2315 1034 2374 tenet
1048 2312 1073 2397 j.
1090 2311 1113 2376 l.
1129 2314 1165 2376 in
1180 2313 1336 2393 Hoororr,
1351 2313 1437 2398 quod
1450 2314 1539 2378 idem
1555 2312 1703 2396 Rogerus
1721 2305 1887 2398 quondam
1910 2313 2031 2377 lenuit.

572 2438 735 2506 Tenentes
748 2448 907 2509 terrarum
919 2447 1081 2513 Johannis
1095 2450 1136 2514 de
1148 2451 1352 2535 Lessyngton
1368 2457 1402 2516 et
1417 2450 1553 2515 Roberti
1563 2450 1684 2515 Brelon
1700 2454 1815 2516 tenent
1828 2449 1892 2535 iiij.
1903 2455 2031 2533 parbem

527 2527 552 2611 j.
571 2528 594 2591 f.
611 2532 646 2591 in
663 2529 879 2611 Tnoasswm
895 2537 982 2618 quod
997 2539 1163 2620 predictus
1179 2539 1341 2603 Robertus
1355 2539 1518 2623 quondam
1534 2541 1654 2604 tenuit.

529 2703 542 2730 .
574 2665 755 2733 Willelmus
768 2670 809 2733 de
829 2669 952 2757 Croxby
967 2678 1059 2738 tenet
1074 2674 1120 2741 di.
1136 2674 1160 2740 f.
1175 2680 1210 2740 et
1227 2677 1264 2762 ij.
1280 2683 1390 2760 partes
1403 2677 1429 2763 j.
1441 2676 1465 2740 i.
1477 2677 1513 2738 in
1527 2676 1669 2754 Gaoxssr,
1684 2674 1773 2758 quod
1788 2672 1976 2737 Willelmus
1989 2672 2030 2737 de

528 2752 644 2817 eadem
657 2757 822 2838 quondam
837 2762 956 2824 tenuit.
1440 2765 1444 2780 '

572 2889 679 2954 Abbas
694 2891 736 2954 de
750 2891 905 2978 Neuhous
920 2899 1012 2958 tenet
1026 2916 1077 2960 xx.
1092 2901 1221 2978 partem
1247 2899 1305 2975 (ei)
1331 2896 1394 2960 oxl.
1410 2900 1537 2978 partem
1563 2893 1646 2958 dicti
1671 2895 1695 2961 f.
1717 2895 1753 2956 in
1776 2892 1919 2970 (loom,
1943 2889 2029 2976 quod

526 2975 615 3040 idem
629 2978 727 3041 abbas
741 2981 905 3062 quondam
920 2983 1040 3046 tenuit.

572 3113 677 3177 Abbas
702 3115 743 3178 de
767 3113 904 3204 P[aroo]
928 3117 1018 3182 Lude
1042 3124 1134 3182 tenet
1149 3119 1195 3205 vj.
1211 3124 1339 3203 partem
1366 3126 1402 3182 et
1426 3117 1530 3202 oiiij⁸¹
1548 3123 1675 3202 partem
1697 3118 1779 3182 dieti
1803 3117 1825 3181 f.
1842 3114 1927 3200 quod
1941 3113 2029 3180 idem

527 3198 623 3264 abbas
638 3203 802 3285 quondam
818 3208 937 3270 tenuit.

571 3338 732 3428 Teneates
747 3347 907 3406 terrrsum
921 3343 1074 3428 Hugonis
1087 3343 1128 3408 de
1142 3342 1381 3430 Benyngworth
1395 3349 1511 3410 tenent
1526 3346 1572 3412 di.
1589 3344 1612 3410 f.
1628 3345 1663 3409 in
1687 3342 1925 3422 Tnoaomar,
1940 3339 2029 3426 quod

525 3427 614 3492 idem
630 3427 729 3513 Hugo
743 3430 908 3511 quondam
924 3432 1045 3496 tenuit.

569 3566 661 3631 Prior
676 3566 790 3631 Sancti
802 3566 963 3632 Johannis
977 3569 1158 3634 Jerusalem
1172 3570 1207 3634 in
1222 3570 1343 3654 Anglia
1357 3576 1472 3635 tenent
1486 3571 1550 3658 iiij.
1567 3544 1693 3655 partem
1717 3568 1744 3655 j.
1760 3568 1784 3635 f.
1800 3588 1900 3652 quam
1921 3568 2029 3633 dietus

525 3657 614 3739 prior
627 3655 791 3740 quondam
805 3658 929 3723 tenuit.

568 3793 676 3857 Maria
698 3794 738 3858 de
761 3793 933 3880 Issygbum
957 3799 1050 3860 isnet
1076 3795 1129 3882 iij.
1155 3804 1264 3878 partes
1290 3796 1335 3861 di.
1362 3796 1387 3861 i.
1411 3798 1447 3860 in
1472 3794 1695 3863 Tauasraoar
1725 3799 1760 3858 et
1791 3792 2029 3862 Sourssmom

528 3884 655 3960 (rectius
670 3881 939 3969 Foosasrnoar),
954 3882 1041 3967 quod
1056 3881 1175 3947 Petrus
1188 3883 1229 3946 de
1246 3882 1484 3968 Leyghebume
1498 3883 1663 3968 quondam
1677 3882 1796 3947 tenuit.

947 4188 1063 4256 Fsoor
1083 4187 1370 4258 PETRONILLE
1394 4186 1456 4255 DE
1480 4187 1614 4257 GROM.

570 4348 738 4500 Joffinp:
761 4349 814 4501 det
826 4349 1026 4415 Hardeshull
1049 4357 1144 4416 tenet
1167 4352 1192 4438 j.
1208 4352 1233 4417 f.
1249 4352 1284 4415 in
1312 4352 1451 4429 fimi,
1475 4349 1563 4435 quod
1579 4349 1764 4414 willelmus
1778 4347 1820 4412 de
1833 4344 2030 4411 Hardeshull

525 4456 612 4521 quoa
739 4456 826 4503 nur.

570 4571 734 4655 Johanna,
750 4574 916 4657 quondam
931 4594 1012 4638 uxor
1025 4573 1187 4639 Johsnnis
1201 4574 1341 4655 Bamalr,
1355 4579 1447 4640 tenet
1461 4576 1508 4640 di.
1524 4576 1547 4640 l.
1563 4575 1598 4638 in
1614 4574 1857 4641 Taousrnoar
1880 4575 1914 4635 el
1938 4569 2028 4650 alibi,

525 4661 612 4747 quod
626 4661 768 4725 Matillis
783 4662 822 4725 de
837 4660 1035 4746 Wodelhorp
1051 4663 1215 4749 quondam
1229 4665 1349 4728 terruit.

570 4798 741 4877 Robertus,
768 4798 855 4863 filius
882 4798 1035 4879 Simonis,
1060 4808 1152 4865 tenet
1168 4802 1213 4884 vj.
1237 4806 1366 4885 partem
1387 4801 1414 4886 j.
1429 4800 1453 4867 t
1468 4801 1502 4863 in
1529 4800 1723 4866 Bmoossna
1737 4803 1772 4860 et
1786 4796 1926 4873 Wrrrrs,
1942 4796 2027 4880 quod

525 4887 613 4951 idom
627 4885 787 4950 Robertus
801 4886 966 4972 quondam
981 4888 1101 4953 tenuit.

570 5023 753 5088 willelmus
781 5026 822 5088 de
854 5023 975 5108 Blytorr
1003 5030 1096 5089 tenet
1125 5025 1171 5091 di.
1200 5026 1223 5089 i.
1252 5028 1288 5088 in
1315 5026 1456 5104 Asnsr,
1483 5023 1688 5100 Bmoonsm,
1713 5025 1747 5084 ei
1772 5018 1913 5100 Wrrnrr,
1941 5019 2028 5105 quod

525 5111 747 5176 Johannesde
762 5110 909 5177 Saunton
924 5113 1091 5199 quondam
1104 5113 1227 5178 tenuit.
1741 5158 1743 5163 -

569 5249 677 5314 Abbas
698 5248 739 5313 de
762 5249 864 5313 Paroo
890 5248 982 5314 Lude
1004 5255 1097 5316 tenet
1112 5251 1146 5315 in
1162 5250 1233 5318 Esr
1247 5250 1449 5317 Rsvsnom
1462 5248 1514 5337 iij.
1530 5251 1639 5332 parles
1652 5246 1677 5333 j.
1693 5245 1718 5311 f.
1734 5263 1815 5332 quas
1827 5244 1916 5309 idem
1930 5242 2028 5309 abbas

524 5338 688 5424 quondam
703 5338 822 5403 tenuit.

569 5474 738 5539 lohannes
762 5474 804 5538 de
829 5474 1007 5540 Rothewell
1030 5479 1125 5539 tenet
1148 5476 1199 5562 iij.
1215 5481 1325 5559 partes
1339 5476 1364 5561 j.
1379 5476 1402 5541 f.
1429 5476 1464 5538 in
1491 5474 1583 5554 lars,
1611 5492 1690 5558 quas
1716 5468 1881 5553 Margeria
1895 5468 1937 5533 de
1952 5467 2028 5552 Irby

524 5562 690 5651 quondam
704 5563 825 5626 tenuit.

567 5701 659 5766 Prior
682 5700 864 5785 Hospitalis
886 5699 999 5765 Sancti
1020 5700 1179 5766 Joharrnis
1193 5701 1376 5766 Jerusalem
1392 5704 1486 5764 tenet
1501 5697 1559 5783 xij.
1574 5702 1703 5781 partem
1717 5696 1743 5783 j.
1760 5696 1783 5762 l.
1799 5714 1899 5782 quam
1914 5694 2027 5759 eadem

525 5790 691 5875 Margaria
705 5788 748 5854 de
762 5788 840 5872 Irby
853 5789 1018 5875 quondam
1033 5790 1155 5855 lenuit.

568 5928 678 5992 Abbas
691 5927 733 5991 de
747 5925 931 6011 Grymesby
945 5931 1038 5991 unet
1052 5928 1110 6013 vij.
1127 5930 1255 6011 partem
1271 5928 1297 6013 j.
1315 5926 1338 5992 f.
1353 5927 1387 5988 in
1403 5924 1528 5989 eadem.
