5000 7050
558 1029 622 1094 234
1211 1029 1418 1098 LINOOLN.

603 1316 781 1399 Inquisioio
805 1322 900 1401 capta
924 1319 1011 1402 apud
1036 1319 1183 1383 Londam
1205 1340 1312 1383 coram
1335 1317 1559 1383 collectoribus
1581 1318 1696 1382 auxilii
1726 1323 1794 1399 (etc.
1810 1342 1848 1384 oa
1863 1321 1993 1404 before),
2007 1341 2065 1403 per

514 1471 520 1478 ¹
559 1409 801 1468 sacramentum
815 1406 837 1468 J
838 1404 977 1469 ohannis
994 1406 1167 1484 Scotheth,
1180 1407 1338 1471 Johannis
1353 1404 1688 1491 Iuggram,Johannie
1702 1407 1743 1470 de
1759 1407 1892 1486 Rumon,
1907 1404 2065 1472 Johaunis

561 1491 668 1573 Bayus
683 1492 724 1554 de
741 1493 939 1575 Wynlirton‚
956 1493 1122 1577 Radulphi
1137 1494 1265 1557 Fadvill
1280 1493 1320 1557 de
1336 1493 1451 1572 Scotir,
1468 1493 1601 1557 Roberti
1618 1493 1725 1556 Brund
1740 1494 1780 1557 de
1803 1493 2064 1580 Faldyngworth,

558 1577 694 1641 Roberti
710 1579 851 1643 Freman
867 1580 908 1643 de
922 1581 1045 1659 eadem,
1058 1582 1188 1644 Rioardi
1204 1580 1257 1644 del
1269 1579 1380 1664 Spitill
1396 1581 1437 1646 de
1449 1581 1706 1663 Waddyngham,
1717 1581 1847 1645 Ricardi
1863 1582 1902 1645 de
1919 1581 2064 1665 Kirkeby

560 1665 599 1728 de
615 1664 750 1749 ssalby,
763 1665 923 1730 Willelmi
935 1668 975 1731 de
986 1667 1160 1751 Waynflet,
1168 1669 1319 1731 Nioholai
1331 1669 1371 1732 de
1380 1668 1553 1750 Halthorp‚
1565 1668 1722 1732 Willelmi
1737 1669 1779 1731 de
1793 1668 2064 1754 Hennyugsohaw

560 1751 602 1815 de
616 1751 745 1832 Bellon,
759 1754 818 1837 qui
833 1755 949 1819 dieunt
964 1775 1023 1839 per
1038 1761 1276 1820 sacramentum
1291 1775 1386 1820 snum
1400 1755 1486 1838 qnod
1498 1778 1551 1818 e-

1145 1982 1260 2048 Fuons
1283 1980 1485 2049 CESTRIE.

604 2144 766 2210 Henrious
786 2146 817 2210 le
832 2146 1045 2228 Wawassour‚
1061 2150 1160 2214 abbas
1174 2151 1215 2214 de
1229 2149 1331 2213 Pareo
1349 2149 1450 2227 Lude,
1466 2154 1500 2212 et
1516 2149 1620 2212 Maria
1636 2147 1677 2212 de
1692 2147 1843 2232 Reythby
1858 2153 1974 2213 tenent
1987 2147 2022 2233 ij.
2038 2148 2063 2214 f.

560 2234 595 2296 in
620 2234 863 2301 Comaruororr
883 2242 917 2299 sl
943 2238 1145 2316 suasurus,
1159 2258 1223 2322 que
1237 2237 1395 2301 Ricardus
1410 2237 1441 2300 le
1457 2235 1585 2319 Waleys
1601 2242 1635 2300 el
1650 2236 1806 2300 Ricardus
1821 2237 1851 2300 le
1868 2237 2065 2301 Wawassour

560 2320 723 2405 quondam
736 2327 927 2390 tenuerunt.

601 2458 763 2522 Robertus
787 2460 828 2523 de
855 2457 1019 2544 Gipthorp
1044 2467 1138 2525 tenet
1160 2460 1220 2544 riij.
1238 2463 1365 2544 partem
1389 2463 1423 2523 et
1438 2459 1481 2523 xl.
1500 2463 1632 2544 partem
1641 2459 1671 2544 j.
1688 2461 1711 2525 f.
1728 2461 1764 2523 in
1779 2461 1972 2539 Rouunono,
1987 2481 2066 2546 quas

560 2543 673 2609 Simon
688 2545 777 2610 filius
792 2545 958 2632 Radulphi
974 2548 1137 2632 qnondam
1152 2550 1272 2612 tenuit.

561 2683 708 2834 teAbigas
731 2685 773 2748 de
797 2685 939 2770 Revesby
963 2691 1055 2751 tenet
1078 2688 1113 2750 in
1140 2686 1271 2755 Ouarar
1293 2686 1318 2772 j.
1343 2685 1366 2750 f.
1393 2684 1479 2770 quod
1503 2685 1663 2750 Henrieus
1688 2685 1729 2750 de
1754 2683 1874 2770 Claxby
1903 2687 2065 2772 quondam

596 2791 655 2834 nur
672 2820 682 2840 .

602 2906 747 2972 (¹)Simon
773 2907 861 2972 filius
887 2908 1051 2993 Radulphi
1075 2913 1168 2974 tenet
1188 2909 1217 2994 j.
1234 2910 1258 2972 f.
1274 2912 1309 2972 et
1330 2907 1376 2972 di.
1403 2913 1521 2994 quarta
1546 2911 1639 2992 parte
1665 2913 1700 2972 et
1725 2909 1797 2995 viij.
1823 2915 1916 2993 parte
1940 2909 1965 2995 j.
1982 2908 2005 2972 f.
2023 2891 2064 2973 ¹in

561 2995 720 3063 Onussar
735 3000 769 3059 et
784 2994 989 3076 Gennesar,
1004 3017 1068 3081 que
1081 2994 1274 3081 Radulphus
1289 2995 1376 3060 filius
1391 2994 1534 3060 Simonis
1548 2996 1712 3082 qnondam
1728 2997 1848 3060 tenuit.

599 3133 707 3284 Abgas
722 3131 878 3284 dssepa'rtw
892 3133 983 3198 Lude
998 3137 1088 3200 tenet
1102 3135 1174 3222 viij.
1190 3137 1320 3218 partem
1332 3134 1373 3198 de
1386 3133 1532 3218 prediolo
1547 3135 1570 3201 f.
1583 3155 1681 3220 quam
1695 3133 1860 3219 predictus
1875 3133 2066 3219 deulphue

558 3241 646 3307 quon
670 3241 725 3284 am
775 3240 861 3285 nur.
1865 3281 1870 3288 .

600 3356 772 3422 ssll'homas
786 3359 827 3422 de
842 3358 998 3422 Turribus
1013 3363 1104 3422 tenet
1118 3359 1180 3442 iiij.
1197 3363 1325 3442 partem
1340 3359 1364 3445 j.
1380 3359 1403 3422 f.
1418 3359 1454 3423 in
1472 3358 1631 3427 Soruaar.

601 3495 785 3648 Widllaelmtrzs
799 3495 979 3646 rlrtrngevyn
993 3500 1087 3561 tenet
1102 3496 1171 3580 viij.
1187 3501 1315 3580 partem
1330 3497 1354 3583 j.
1372 3497 1395 3563 f.
1410 3496 1447 3560 in
1459 3497 1602 3578 Munna,
1618 3515 1716 3583 quarn
1731 3497 1870 3562 Thomas
1885 3498 2065 3583 Aungevyn

559 3605 645 3671 quon
687 3604 723 3647 m
772 3604 832 3648 nur
852 3628 860 3644 .

601 3721 742 3786 Domina
764 3721 914 3801 Isabella,
941 3722 1066 3805 regina,
1080 3724 1172 3785 leuet
1196 3721 1222 3808 j.
1237 3720 1263 3790 f.
1280 3723 1316 3786 iu
1336 3722 1586 3790 Marmsanuoar
1601 3726 1636 3787 et
1651 3722 1913 3791 Tunsurnruoar
1927 3728 1961 3787 et
1976 3722 2066 3802 alibi,

558 3810 645 3895 quod
659 3809 682 3873 J
682 3807 824 3873 ohannes
838 3810 879 3872 de
895 3806 1067 3873 Crumwell
1083 3810 1247 3894 quondam
1263 3812 1383 3875 tenuit.

600 3944 763 4023 Johanna‚
787 3945 952 4031 quondam
974 3966 1055 4009 uxor
1075 3944 1235 4012 Willelmi
1261 3944 1386 4032 Oheyu,
1410 3950 1502 4011 tenet
1526 3948 1551 4033 j.
1577 3945 1603 4011 f.
1618 3948 1653 4011 in
1683 3948 1786 4015 'l'orm
1815 3955 1851 4013 et
1874 3949 1964 4027 alibi,
1979 3948 2065 4036 quod

561 4033 697 4100 Otioous
714 4036 782 4113 (alc)
802 4032 932 4097 Ferrers
947 4031 1110 4119 quondam
1126 4035 1245 4098 tenuit.

603 4170 802 4322 R⁰d⁸⁶m⁸tg⁶
817 4169 965 4321 {ltobildik
981 4175 1074 4236 tenet
1088 4193 1119 4238 a.
1135 4177 1262 4255 partem
1277 4172 1289 4258 j
1294 4222 1301 4237 .
1314 4172 1337 4237 f.
1345 4173 1382 4235 in
1398 4172 1519 4250 Unsar,
1529 4191 1628 4257 quam
1644 4172 1841 4238 Laurenoius
1856 4174 1897 4238 de
1912 4174 1944 4238 la
1958 4171 2063 4239 Roohe

559 4278 647 4345 quon
670 4278 724 4321 arn
773 4278 834 4321 nur
853 4308 862 4323 .

602 4394 790 4458 willelmus
804 4395 845 4458 de
860 4394 982 4479 Steyne
995 4401 1090 4461 tenet
1104 4396 1150 4471 di.
1167 4397 1191 4463 f.
1209 4396 1245 4459 in
1264 4372 1395 4464 Sunius
1411 4400 1447 4460 el
1463 4396 1711 4476 Tnnumurroan
1736 4398 1823 4483 quod
1844 4397 2004 4462 Robertns
2025 4398 2066 4462 de

559 4482 679 4566 seyne
694 4482 858 4569 qnondam
873 4484 996 4548 tenuit.

603 4621 725 4684 Alanus
739 4619 892 4684 Fraunke
907 4624 999 4683 tenet
1014 4618 1059 4684 di.
1076 4618 1101 4688 f.
1116 4620 1152 4683 in
1167 4619 1373 4687 Barnoonnu
1388 4624 1422 4683 et
1434 4620 1572 4699 Wsrnn,
1587 4621 1673 4704 quod
1690 4620 1846 4683 Riourdus
1868 4620 1907 4683 de
1929 4617 2065 4683 Loudon

561 4709 723 4794 quondam
737 4708 858 4772 tenuit.

561 4843 798 4997 Plllgeofhanues
812 4847 852 4910 de
868 4842 967 4930 Hagh
984 4852 1076 4908 tenet
1090 4844 1137 4910 di.
1153 4844 1176 4906 f.
1193 4844 1234 4907 de
1248 4842 1488 4907 constabulario
1504 4840 1638 4920 Ceslrie,
1661 4848 1696 4905 et
1718 4843 1788 4925 ipse
1814 4840 1856 4904 de
1879 4840 1998 4904 honore
2021 4840 2063 4905 de

588 4953 630 4996 on
679 4941 778 5000 racto.

603 5068 930 5156 <¹>Radu1phusfi1ius
945 5069 1088 5132 Warrini
1102 5073 1195 5133 tenet
1210 5068 1256 5131 di.
1271 5068 1298 5136 f.
1314 5067 1355 5131 de
1371 5064 1610 5131 constabulario
1626 5064 1760 5130 cestrie·

603 5206 720 5359 Pagras
734 5207 775 5270 de
789 5205 931 5356 Τςὲιθὶδγ
946 5210 1039 5269 tenet
1050 5204 1102 5289 iij.
1117 5207 1246 5287 partem
1261 5204 1285 5290 j.
1301 5203 1324 5268 f.
1339 5205 1375 5267 iu
1389 5204 1582 5281 Wonarenr,
1598 5222 1697 5287 quern
1711 5200 1852 5268 Thomas
1866 5204 1907 5267 de
1922 5203 2065 5289 Tenelby

560 5314 648 5382 quon
670 5316 725 5359 am
738 5304 831 5359 tenus
848 5339 857 5357 .

601 5432 706 5495 Abbas
732 5430 772 5493 de
796 5426 964 5491 Thornton
988 5432 1080 5491 lenes
1103 5425 1166 5510 iiij.
1191 5430 1319 5509 partem
1343 5426 1369 5513 j.
1386 5426 1409 5491 f.
1437 5427 1473 5488 in
1496 5424 1690 5507 women,
1715 5448 1812 5514 quam
1839 5428 2001 5495 Roberlus
2023 5432 2063 5497 de

560 5518 697 5602 Teuilby
712 5516 874 5603 quondam
889 5514 1009 5578 lenuit.

603 5656 695 5718 Prior
730 5652 911 5735 Hospitalis
948 5649 1060 5716 Sancti
1096 5650 1256 5715 Johannis
1291 5650 1473 5715 Jerusalem
1502 5653 1596 5715 tenet
1624 5652 1729 5739 xxiiij.
1760 5659 1889 5737 partem
1913 5655 1941 5741 j.
1972 5656 1995 5722 f.
2026 5658 2062 5722 in

559 5745 752 5819 women,
766 5760 864 5824 quam
877 5738 1042 5823 predictus
1056 5737 1197 5803 Thomas
1211 5738 1374 5825 quondam
1390 5738 1509 5803 tenuis.

1930 5881 2071 5893 w

1216 5913 1245 5977 (ι)
1258 5914 1293 5961 a,
1305 5913 1334 5962 ra
1346 5912 1419 5963 reos.
