5000 7050
1086 1063 1176 1130 AD.
1201 1066 1297 1130 1346.

999 1352 1130 1442 [Fnonr
1154 1373 1199 1421 nn
1220 1349 1381 1440 VESGL]

480 1517 665 1582 willelmus
691 1517 839 1582 Latimer
864 1521 955 1582 tenet
980 1519 1026 1584 ix.
1043 1523 1171 1601 partem
1196 1517 1221 1604 j.
1237 1516 1262 1583 f.
1278 1517 1314 1580 in
1329 1517 1454 1598 Bnnnn,
1472 1535 1570 1601 quarn
1589 1513 1770 1584 willelmus
1785 1511 1942 1594 Latimer,

436 1605 552 1684 senior,
567 1606 731 1692 qnondam
745 1607 857 1670 tenuit
871 1606 911 1669 de
926 1605 1019 1670 feodo
1034 1606 1075 1669 de
1089 1605 1198 1671 Vesci.

779 1905 910 1995 [neoni
932 1907 1172 1977 comprssu
1196 1907 1258 1973 nn
1282 1901 1613 1992 sosinosiros]

481 2069 575 2134 Prior
588 2069 629 2132 de
645 2067 811 2155 Spaldyng
826 2075 919 2135 tenet
933 2071 978 2154 vj.
994 2077 1121 2155 partem
1135 2070 1160 2156 j.
1172 2070 1194 2136 f.
1206 2071 1242 2133 in
1254 2069 1452 2149 Wrnnnnorr,
1464 2089 1560 2155 quam
1575 2065 1663 2132 idern
1679 2066 1767 2150 prior
1781 2063 1945 2152 quondam

438 2159 562 2237 tenuit,
575 2158 616 2221 de
632 2159 725 2222 feodo
739 2160 903 2223 comitisse
919 2161 960 2224 de
975 2157 1195 2244 Bolyngbrok.

834 2444 964 2533 [Fnons
986 2443 1271 2514 PETRONILLE
1295 2443 1356 2510 DE
1381 2439 1557 2529 enoda]

486 2606 678 2690 deulphus
693 2607 734 2670 de
749 2605 838 2690 Bury
853 2613 886 2671 et
901 2607 1068 2671 Johannes
1083 2607 1213 2671 Russell
1227 2611 1346 2671 tenent
1360 2606 1385 2693 j.
1402 2604 1471 2674 Ain
1488 2605 1675 2684 Pindasos,
1688 2603 1774 2689 quod
1786 2602 1948 2668 Robertus

443 2693 940 2848 {aelffihgffrlssaffinfmffl’
968 2701 1003 2760 et
1029 2695 1189 2760 Robertus
1216 2694 1361 2779 Gerberg
1389 2694 1552 2780 quondam
1577 2695 1754 2757 tenuerunt
1783 2691 1825 2756 de
1853 2690 1948 2754 feodo

488 2917 629 2981 Thomas
653 2918 693 2982 de
717 2919 819 3001 Lucy‚
834 2918 998 2983 walterus
1024 2919 1064 2982 de
1089 2917 1337 3002 Bermengeam,
1364 2923 1399 2982 et
1421 2919 1570 2983 Johanna
1596 2917 1669 2979 Fitz
1685 2916 1821 2980 waulcr
1837 2918 1951 2980 tenent

445 3004 493 3090 iij.
508 3013 617 3089 partes
630 3005 656 3092 j.
673 3006 696 3071 f.
712 3007 747 3069 in
763 3006 919 3086 WnsnON,
934 3029 1013 3093 quas
1027 3006 1168 3071 Thomas
1183 3007 1270 3070 filius
1284 3006 1408 3070 Thome
1423 3007 1585 3091 quondam
1600 3006 1722 3070 tenuit.

489 3144 650 3208 Johannes
665 3144 705 3208 de
721 3144 909 3229 Quappelall
924 3148 957 3209 et
982 3143 1146 3209 Johannes
1171 3142 1213 3207 de
1237 3143 1423 3228 Littelbury
1438 3147 1552 3209 tenent
1577 3143 1602 3230 j.
1618 3141 1643 3208 f.
1670 3144 1704 3206 in
1732 3141 1895 3209 Honnnon
1917 3145 1952 3206 et

448 3232 653 3315 Quaeram,
670 3233 755 3319 quod
768 3233 866 3318 Hugo
880 3233 920 3296 de
935 3231 1078 3297 Gorham
1093 3232 1257 3318 quondam
1272 3232 1394 3298 tenuit.

491 3368 677 3433 willelmus
706 3369 747 3433 de
777 3369 862 3433 Boos
885 3375 977 3434 tenet
1000 3370 1065 3456 iiij.
1091 3374 1217 3453 partem
1237 3369 1264 3454 j.
1280 3369 1304 3435 f.
1329 3371 1363 3433 in
1391 3370 1577 3436 Bornnwrn
1601 3373 1635 3433 et
1664 3369 1828 3447 ansnon,
1855 3387 1952 3453 quam

447 3457 632 3520 willelmus
646 3457 688 3521 de
701 3456 797 3538 Roos,
812 3467 905 3542 pater
921 3458 1067 3543 ejusdem
1081 3457 1276 3537 willelmus,
1293 3456 1457 3544 quondam
1471 3457 1595 3521 tenuit.

491 3593 674 3658 willelmus
688 3594 729 3658 de
746 3595 830 3659 Roos
846 3600 934 3660 tenet
949 3617 980 3661 x.
997 3600 1122 3680 partem
1132 3595 1161 3679 j.
1178 3594 1202 3661 f.
1219 3596 1255 3658 in
1271 3596 1467 3675 Bosnswna,
1478 3614 1575 3679 quam
1592 3592 1714 3657 Alanus
1728 3594 1767 3657 de
1782 3592 1954 3678 Boterwyk

448 3682 612 3766 quondam
627 3682 747 3748 tenuit.

492 3818 585 3882 Idem
616 3817 799 3882 willelmus
829 3823 919 3882 tenet
949 3839 980 3885 v.
1011 3823 1138 3902 partem
1165 3818 1192 3903 j.
1224 3819 1247 3881 f.
1278 3819 1313 3882 in
1343 3818 1508 3897 Fonsnon,
1538 3818 1734 3896 Bonnnwrn,
1763 3820 1798 3882 et
1829 3817 1954 3886 Sanono

449 3907 636 3985 Bonnnrnn,
653 3926 752 3989 quam
767 3904 886 3969 diversi
901 3912 1050 3970 tenentes
1064 3906 1228 3991 quondam
1242 3911 1434 3972 tenuerunt.

494 4042 638 4128 Rogerus
653 4042 740 4105 filius
755 4042 886 4106 Ricardi
901 4042 942 4107 de
958 4044 1094 4107 Frestou
1109 4049 1199 4108 tenet
1214 4042 1257 4107 xl.
1269 4048 1396 4127 partem
1405 4043 1434 4127 j.
1449 4042 1472 4107 f.
1488 4044 1524 4106 in
1539 4042 1693 4109 ansnon
1708 4046 1743 4107 et
1758 4043 1953 4125 Bonnam,

449 4151 547 4214 qnam
562 4130 741 4193 Alexander
757 4130 844 4193 filius
859 4130 993 4194 Adlardi
1008 4132 1171 4215 quondam
1185 4132 1306 4197 tenuit.

493 4267 679 4330 willelmus
693 4267 733 4330 de
755 4266 839 4331 Roos
860 4273 955 4333 tenet
978 4270 1048 4352 viij.
1065 4273 1190 4352 partem
1211 4267 1240 4353 j.
1258 4266 1280 4332 f.
1298 4268 1333 4331 in
1359 4268 1524 4347 ansnon,
1547 4268 1742 4349 Bonnnwnn,
1769 4272 1804 4331 et
1831 4266 1956 4337 Sauone

450 4356 640 4433 Bonnnnsm,
656 4375 755 4438 quam
771 4355 892 4419 Alanus
908 4355 948 4419 de
964 4356 1118 4440 Hipetoit
1133 4357 1299 4440 quondam
1315 4357 1433 4420 tenuit.

494 4490 661 4555 Johannes
684 4491 792 4556 Peche
819 4498 854 4555 et
879 4492 1038 4557 Robertus
1062 4493 1104 4556 de
1130 4492 1303 4557 Godesfeld
1328 4497 1438 4557 tenent
1450 4492 1478 4577 j.
1495 4492 1518 4557 f.
1535 4493 1569 4555 in
1586 4492 1742 4576 predictis
1757 4491 1854 4574 villis,
1871 4494 1956 4576 quod

451 4580 554 4642 Lucia
567 4579 674 4642 Peche
690 4581 855 4663 quondam
870 4582 987 4645 tenuit.

495 4712 643 4797 Rogatus
657 4713 698 4775 de
714 4711 881 4798 Copeldyk
895 4719 990 4778 tenet
1003 4713 1028 4799 j.
1045 4713 1068 4778 f.
1086 4714 1120 4776 in
1137 4713 1291 4796 predictis
1306 4712 1404 4792 villis,
1420 4712 1506 4797 quod
1520 4712 1718 4777 Laurencius
1733 4712 1773 4777 de
1795 4712 1828 4777 la
1849 4714 1959 4779 Roclre

453 4802 616 4886 quondam
631 4802 751 4867 tenuit.

497 4937 682 5002 Willslmus
704 4937 746 5000 de
770 4935 854 5000 Roos
880 4941 972 5001 tenet
986 4937 1011 5023 j.
1027 4937 1051 5004 f.
1068 4938 1103 5000 in
1118 4938 1273 5020 predictis
1288 4936 1386 5016 villis,
1401 4937 1487 5021 quod
1503 4936 1689 5001 willelmus
1703 4938 1744 5001 dc
1758 4936 1854 5017 Roos,
1868 4944 1961 5023 pater

454 5025 602 5109 ejusdem
616 5023 785 5102 willelmi,
799 5024 962 5108 qnondam
977 5027 1096 5091 tenuit.

501 5162 631 5226 Saierns
658 5161 700 5225 de
728 5160 904 5225 Richoford
933 5166 1027 5226 tenet
1054 5162 1098 5247 xj.
1128 5167 1255 5247 partem
1280 5161 1307 5247 j.
1340 5161 1364 5227 f.
1393 5162 1428 5225 in
1457 5161 1555 5242 Tora,
1582 5182 1681 5246 quam
1704 5162 1896 5249 Radulphus
1920 5165 1962 5229 de

454 5248 628 5313 Richeford
642 5249 806 5333 quondam
822 5251 940 5315 tenuit.

499 5386 684 5451 willelmus
712 5385 752 5449 de
780 5385 1013 5472 Huntyngfeld
1041 5390 1132 5452 tenet
1161 5386 1208 5472 xj.
1233 5394 1363 5471 partem
1387 5386 1415 5471 j.
1441 5384 1465 5452 f.
1496 5385 1532 5449 in
1562 5386 1660 5467 Closs,
1690 5408 1787 5473 quam
1812 5387 1961 5453 Warinus

456 5474 636 5561 Dougayne
651 5473 813 5561 quondam
828 5475 949 5540 tenuit.

500 5612 641 5675 Thomas
665 5610 705 5674 de
732 5610 861 5676 Bernak
887 5616 981 5677 tenet
1007 5612 1068 5696 iiij.
1084 5615 1212 5694 partem
1236 5610 1261 5696 j.
1277 5610 1299 5676 f.
1316 5610 1349 5674 in
1367 5611 1464 5691 Tonn,
1481 5630 1578 5697 quam
1594 5610 1717 5675 Alanus
1743 5611 1784 5676 de
1808 5612 1961 5695 Hipetolt

458 5700 620 5785 qnondam
635 5699 758 5764 tenuit.

502 5838 685 5902 Willelmus
699 5836 739 5900 de
754 5835 983 5921 Huntyngfeld
999 5840 1091 5901 tenet
1106 5836 1150 5923 xj.
1166 5840 1294 5919 partem
1313 5835 1341 5919 j.
1357 5835 1381 5901 f.
1406 5835 1441 5897 in
1468 5834 1565 5915 Tors,
1590 5854 1689 5920 quam
1715 5834 1897 5900 willelmus
1920 5836 1961 5901 de

460 5922 858 6013 Roosquondamtenuit.
1759 5971 1768 5991 .

525 6062 605 6115 rossa
1335 6026 1338 6035 ³
1874 6060 1898 6124 Q
