5000 7050
1078 1078 1299 1147 NORFOLK.
1866 1077 1928 1143 655

474 1362 634 1428 Dominus
657 1364 778 1430 Michel
806 1369 875 1447 (eie)
904 1368 944 1431 de
969 1367 1153 1453 Ponyngm,
1180 1372 1214 1432 et
1239 1367 1390 1434 dominus
1420 1367 1583 1432 Johannee
1614 1368 1732 1448 Poteys
1759 1369 1872 1429 tenent
1898 1365 1933 1426 in

432 1447 571 1519 thon
586 1451 640 1537 iij·
660 1459 766 1538 quart.
782 1454 806 1518 f.
821 1476 866 1520 m.
882 1455 922 1519 de
936 1456 1055 1519 comite
1070 1455 1258 1520 Arundellie
1273 1460 1338 1520 eto.

476 1588 641 1654 Robertue
656 1589 764 1655 Soalee
777 1596 869 1656 tenet
884 1594 919 1656 in
935 1593 1080 1660 Wrmorr
1096 1592 1150 1674 iij·
1170 1596 1277 1676 quart.
1294 1591 1316 1657 f.
1333 1611 1377 1656 m.
1393 1591 1433 1655 de
1450 1591 1569 1655 comite
1584 1590 1772 1654 Arundellie
1788 1595 1850 1654 etc.

478 1727 627 1792 mirabet
641 1729 682 1793 de
697 1729 875 1794 Mundford
891 1734 984 1796 tenet
998 1732 1033 1794 in
1049 1731 1160 1795 eedem
1176 1728 1231 1813 iij·
1253 1733 1360 1814 quart.
1377 1728 1401 1795 f.
1417 1751 1463 1795 m.
1481 1730 1522 1793 de
1538 1730 1658 1792 comite
1670 1727 1857 1792 Arundellie
1874 1731 1935 1792 eto.

436 1865 627 2016 AElidzelilret
650 1867 691 2017 {e
717 1866 913 1932 Mundeford
939 1871 1031 1933 tenet
1055 1870 1088 1932 in
1114 1868 1285 1936 Homonn
1300 1873 1334 1930 et
1347 1867 1486 1934 erort
1496 1866 1526 1950 j.
1545 1869 1648 1950 quart.
1664 1865 1687 1930 f.
1702 1886 1748 1932 m.
1765 1866 1803 1929 de
1818 1865 1937 1928 comite

465 1973 523 2016 run
548 1973 566 2014 e
592 1973 624 2017 re
639 1975 657 2017 e
673 1975 700 2018 o.

479 2091 636 2155 Rioardue
652 2092 982 2176 Gegge,1·2dmundue
997 2095 1037 2158 de
1052 2093 1161 2173 Helle,
1177 2096 1212 2157 in
1229 2094 1333 2157 Parve
1348 2090 1547 2169 Bokenham,
1571 2097 1686 2155 tenent
1700 2091 1736 2153 in
1750 2091 1937 2155 Βοκιιιιιιιιι

436 2185 470 2242 et
487 2179 659 2246 Srerironn
675 2180 719 2244 di.
735 2186 840 2265 quart.
856 2181 879 2246 f.
895 2202 940 2247 m.
955 2181 996 2245 de
1009 2180 1159 2245 Johanne
1173 2179 1299 2260 Ronde,
1314 2186 1353 2244 ut
1366 2180 1406 2242 de
1423 2181 1567 2242 manerio
1582 2179 1622 2242 de
1637 2177 1818 2261 Bodeneye.

482 2316 587 2380 Iidem
613 2315 769 2381 Ricarduo
793 2323 827 2381 et
852 2317 1056 2397 Edmundue,
1080 2327 1114 2381 et
1140 2323 1292 2384 tenentes
1314 2319 1377 2394 rui,
1391 2322 1505 2380 tenent
1519 2317 1553 2380 in
1569 2316 1756 2382 Boxenrrerr
1771 2315 1815 2379 di.
1830 2289 1938 2398 quart.

438 2406 462 2470 f.
477 2425 521 2470 m.
537 2405 579 2467 de
593 2405 713 2469 comite
727 2405 918 2469 Arundellie
932 2409 995 2471 eto.

482 2541 603 2606 cecilie
617 2541 657 2606 de
672 2542 821 2628 Herlyng
835 2546 926 2606 tenet
939 2544 975 2606 in
992 2541 1164 2610 Sririronn
1179 2542 1225 2609 di.
1241 2543 1265 2608 f.
1280 2563 1324 2608 m.
1340 2542 1380 2606 de
1395 2541 1513 2606 comite
1528 2539 1713 2604 Arundellie
1727 2544 1789 2607 etc.

484 2679 644 2744 Priorieeo
668 2681 710 2743 de
735 2679 890 2745 Caumeee
915 2687 1007 2746 tenet
1021 2683 1055 2744 in
1074 2682 1246 2748 Simoin
1263 2681 1308 2745 di.
1324 2685 1430 2765 quart.
1446 2679 1469 2744 f.
1486 2700 1530 2743 m.
1547 2679 1587 2742 de
1602 2678 1750 2742 Johanne
1764 2675 1889 2756 Raude,
1904 2681 1943 2741 ut

441 2768 480 2832 de
495 2769 638 2831 manerio
652 2768 693 2830 de
709 2766 891 2852 Bodeneye.

486 2905 597 2969 Simon
614 2904 786 2991 Felbrygg‚
802 2905 909 2984 mileo,
923 2909 1015 2970 tenet
1031 2907 1064 2968 in
1083 2907 1250 2974 Serreion
1267 2905 1311 2970 di.
1326 2905 1350 2970 f.
1367 2926 1411 2972 m.
1427 2904 1466 2967 de
1481 2905 1602 2967 comite
1618 2901 1806 2980 Rutlandie,
1818 2901 1858 2964 de
1872 2901 1943 2986 jure

443 2994 551 3056 uxoris
565 3012 634 3073 sue,
649 2998 683 3057 et
697 2993 785 3057 idem
800 2994 840 3057 de
855 3014 939 3078 rege.

488 3129 595 3195 Abbae
617 3130 659 3194 de
684 3129 809 3215 Sybton
833 3137 868 3194 et
889 3137 1038 3195 tenentes
1052 3132 1103 3194 eui
1117 3134 1234 3194 tenent
1249 3132 1282 3194 in
1301 3131 1453 3198 Cnoxror
1470 3136 1548 3193 ιιιΙιῙῙΙ
1564 3132 1692 3212 partem
1707 3128 1730 3193 f.
1747 3148 1792 3193 m.
1809 3125 1945 3192 deduce

444 3216 642 3297 Laneastrie,
659 3224 695 3282 et
706 3217 794 3280 idem
809 3219 849 3282 de
863 3238 937 3302 rege
953 3225 1016 3282 ete.
1036 3223 1083 3296 (oe
1098 3220 1224 3301 before).
1529 3235 1531 3238 ’

488 3354 582 3418 Prior
604 3355 644 3420 de
668 3354 837 3440 Bromhyll
863 3361 955 3420 tenet
981 3357 1163 3419 manerium
1187 3375 1282 3418 suurn
1298 3354 1339 3418 de
1355 3355 1507 3421 cronon
1523 3353 1659 3417 deduce
1677 3353 1873 3428 lancastrie,
1888 3370 1947 3436 per

446 3442 531 3528 quod
545 3449 608 3508 eto.
623 3444 787 3529 ignorant,
800 3445 856 3529 qui
872 3443 1006 3529 quidem
1019 3444 1156 3506 domtus
1170 3449 1232 3509 eto.
