5000 7050
1056 1077 1139 1143 A.D.
1166 1080 1261 1145 1303.
1847 1078 1908 1143 141

442 1360 494 1425 De
518 1364 646 1428 abbate
669 1366 711 1430 de
733 1366 927 1431 Kirkestede
948 1372 1081 1431 tenente
1094 1366 1193 1452 xxxij.
1209 1370 1336 1449 partem
1346 1366 1374 1450 j.
1389 1367 1412 1431 f.
1428 1366 1464 1429 in
1479 1366 1625 1432 Dorum
1640 1366 1796 1450 predicta,
1812 1386 1911 1449 quam

403 1450 572 1532 predictus
587 1452 709 1517 Petrus
724 1454 764 1517 de
778 1452 956 1539 Campania
969 1455 1134 1540 quondam
1149 1457 1271 1520 tenuit.

448 1587 499 1650 De
515 1588 687 1673 Stephano
701 1591 742 1654 de
757 1591 830 1655 Hill
844 1595 975 1655 tenente
988 1591 1049 1677 iiij.
1064 1595 1191 1674 partem
1205 1592 1229 1677 j.
1240 1592 1264 1655 f.
1277 1592 1312 1654 in
1328 1590 1470 1656 Mannou
1486 1594 1520 1653 ct
1535 1590 1680 1668 Unsnar,
1693 1610 1791 1674 quam
1814 1589 1913 1674 Hugo

406 1675 450 1739 de
464 1674 590 1760 Ulseby
605 1679 771 1760 quondam
784 1679 905 1743 tenuit.
1738 1744 1742 1754 .

452 1813 504 1877 De
528 1814 661 1879 Simone
685 1816 727 1879 de
749 1816 922 1898 Kyrlreton
946 1820 1081 1881 tenente
1095 1816 1156 1902 iiij.
1171 1821 1298 1900 partem
1313 1817 1337 1900 j.
1352 1816 1375 1881 f.
1393 1816 1427 1879 in
1444 1816 1634 1895 Laucnrou,
1652 1834 1751 1897 quam
1769 1814 1913 1893 Beatrix‚
2041 1808 2044 1813 ’

410 1922 478 1984 que
491 1902 558 1965 fuit
572 1923 656 1966 uxor
670 1903 766 1968 Alani
781 1904 823 1967 de
838 1904 1033 1984 Foulstorre,
1047 1903 1212 1986 quondam
1226 1908 1347 1967 tenuit.

456 2038 506 2102 De
521 2037 669 2104 Johanna
682 2041 723 2105 de
737 2040 759 2104 J
760 2042 952 2119 ordeborrre‚
967 2042 1134 2106 Willelmo
1148 2042 1216 2105 filio
1231 2041 1355 2105 Andree
1370 2042 1411 2105 de
1427 2041 1565 2125 Oroxby,
1580 2038 1751 2122 Radulpho
1771 2039 1911 2122 Deneys,

410 2124 548 2190 Simone
556 2126 663 2211 Bond,
677 2135 709 2192 et
719 2128 868 2193 Johanne
878 2128 1018 2193 Cristian
1029 2130 1216 2193 tenentibus
1226 2129 1254 2213 j.
1271 2130 1294 2194 f.
1311 2135 1344 2193 et
1360 2129 1404 2194 di.
1419 2136 1552 2212 excepta
1566 2130 1631 2213 xvj.
1648 2132 1741 2211 parte
1761 2127 1912 2211 ejusdem

412 2214 460 2277 di.
478 2215 502 2276 f.
517 2234 579 2296 quc
592 2213 742 2279 Johanna
756 2216 797 2280 de
812 2216 925 2280 Lauda
938 2218 1102 2300 quondam
1117 2219 1224 2281 tenuit
1239 2219 1275 2280 in
1292 2217 1528 2282 Tncneaarrar.

456 2349 508 2412 De
522 2349 638 2415 abbate
650 2352 691 2414 da
705 2351 885 2437 Grymesby
898 2358 1033 2417 tanente
1047 2358 1113 2417 tres
1127 2357 1236 2437 partes
1250 2354 1296 2418 di.
1312 2352 1337 2418 f.
1354 2354 1388 2416 in
1405 2354 1631 2419 Tnoacaruar
1642 2352 1801 2436 predicta,
1813 2372 1911 2434 quam

409 2438 559 2521 predicta
572 2438 594 2502 J
595 2437 723 2503 ohanna
737 2440 778 2504 de
792 2441 905 2504 Lauda
918 2442 1083 2525 quondam
1098 2442 1219 2505 tenuit.

458 2574 507 2638 De
531 2575 647 2639 abbata
670 2576 710 2639 de
733 2576 836 2641 Parco
859 2577 950 2641 Lude
974 2548 1109 2641 tenente
1124 2576 1193 2661 viij.
1209 2581 1334 2660 partem
1358 2581 1395 2640 et
1409 2576 1474 2660 xvj.
1489 2580 1616 2661 partem
1639 2576 1663 2662 j.
1680 2576 1703 2641 t'.
1718 2576 1754 2638 in
1770 2575 1917 2658 predicta

411 2662 492 2725 villa
505 2663 546 2726 de
561 2663 798 2741 Tnoacaanaa
812 2686 892 2747 quas
905 2665 994 2728 dicta
1008 2662 1157 2728 Johanna
1171 2664 1211 2728 de
1227 2664 1340 2727 Landa
1355 2664 1518 2746 quondam
1534 2664 1654 2728 tenuit.

456 2799 507 2863 De
522 2801 712 2865 tenentibus
725 2803 848 2865 'l'hcmc
858 2802 899 2865 de
911 2801 1068 2886 Ormesby
1077 2807 1111 2865 ct
1123 2800 1324 2885 participum
1335 2822 1466 2865 suorum
1477 2801 1667 2866 tenentibus
1678 2798 1780 2885 ffijam
1791 2804 1914 2885 partem

405 2888 433 2972 j.
447 2888 473 2952 f.
488 2890 525 2950 in
541 2888 712 2967 Oaunsar,
727 2908 825 2972 quam
839 2887 980 2953 Thomas
994 2889 1035 2952 de
1052 2888 1207 2974 Ormesby
1221 2890 1385 2973 quondam
1399 2890 1519 2954 tenuit.

455 3025 507 3090 De
530 3026 640 3109 priore
665 3025 706 3090 de
733 3026 890 3111 Ormesby
913 3031 1045 3091 tenente
1071 3033 1137 3090 tres
1166 3030 1275 3110 partes
1299 3027 1327 3111 j.
1354 3027 1378 3092 f.
1407 3028 1441 3089 in
1458 3028 1627 3105 Onuussr,
1650 3045 1729 3108 quas
1754 3026 1918 3110 predictus

408 3114 557 3177 Thomas
572 3114 738 3197 quondam
753 3116 874 3180 tenuit.
945 3115 948 3123 '

866 3426 980 3492 Fnona
1003 3425 1239 3493 NORMANNI
1262 3425 1323 3491 DE
1348 3423 1473 3492 ARGY.

457 3592 510 3656 De
531 3590 700 3654 Willelmo
723 3589 828 3673 Cosyn
854 3587 1019 3676 [tenente]
1048 3590 1094 3656 di.
1118 3591 1142 3654 s.
1167 3611 1212 3654 m.
1235 3591 1272 3653 in
1294 3590 1447 3667 Maarorr,
1469 3588 1554 3673 quod
1575 3585 1706 3654 heredes
1726 3590 1858 3655 Ricardi
1881 3591 1920 3655 de

409 3679 574 3762 Ormesby
588 3678 753 3764 quondam
768 3683 954 3743 tenuerunt.

459 3817 511 3880 De
535 3816 680 3900 capitulo
704 3815 872 3879 Lincolnie
898 3820 1032 3879 tenente
1057 3815 1101 3880 di.
1118 3815 1143 3880 f.
1160 3817 1195 3878 in
1221 3814 1380 3895 Omunon,
1395 3813 1482 3898 quod
1499 3812 1657 3878 Rohcrtus
1679 3813 1721 3878 ad
1743 3813 1920 3880 Ecclesiam

415 3905 585 3990 quondam
600 3905 718 3968 tenuit.

463 4041 515 4105 De
529 4039 695 4103 Willclmo
710 4038 856 4104 Donaton
871 4044 907 4103 et
921 4038 1025 4102 Alano
1040 4038 1080 4104 de
1095 4039 1277 4122 Tyrington
1293 4038 1483 4102 tenentibus
1498 4037 1639 4124 xxiiijum
1656 4041 1781 4120 partem
1803 4038 1828 4123 j.
1846 4039 1868 4104 f.
1886 4040 1921 4102 in

416 4131 608 4282 miili,
623 4147 722 4210 quarn
759 4126 933 4210 Philippus
968 4127 1010 4190 dc
1048 4126 1183 4212 Sorrays
1220 4133 1255 4191 et
1292 4127 1475 4190 Willelmus
1511 4127 1613 4190 frater
1648 4126 1721 4211 ejus
1757 4127 1921 4209 quondam

460 4353 509 4416 De
530 4351 691 4436 magistro
713 4350 834 4414 milicie
855 4350 984 4432 Templi
1005 4354 1138 4413 tenente
1160 4350 1230 4414 vum
1253 4357 1380 4433 partem
1403 4355 1438 4412 et
1460 4349 1544 4435 iiijxx
1565 4353 1693 4433 partem
1727 4349 1753 4434 j.
1788 4348 1812 4415 f.
1841 4371 1921 4433 quas

420 4441 561 4526 predicti
574 4438 750 4522 Philippus
765 4438 895 4521 Sorreys
909 4443 944 4501 et
959 4438 1061 4501 frater
1075 4439 1147 4525 ejus
1160 4439 1323 4521 quondam
1340 4443 1526 4503 tenuerunt.

465 4577 514 4641 De
543 4576 648 4660 priora
679 4575 720 4638 de
753 4573 881 4637 Nocton
914 4579 1050 4638 tenente
1077 4575 1143 4660 xvj.
1166 4580 1294 4658 partem
1317 4575 1341 4659 j.
1366 4573 1389 4639 f.
1413 4575 1448 4637 in
1472 4575 1641 4652 Dosaron,
1662 4595 1761 4657 quam
1783 4574 1922 4658 predicti

421 4663 597 4748 Philippus
612 4668 648 4726 et
661 4662 761 4726 frater
775 4661 847 4747 ejus
861 4662 1027 4745 quondam
1043 4667 1232 4728 tenuerunt.

467 4802 517 4865 De
546 4801 664 4874 abbate
695 4799 737 4863 de
770 4798 947 4882 Barlynges
978 4802 1114 4862 tenente
1148 4799 1192 4863 lx.
1215 4804 1344 4881 partem
1374 4799 1399 4884 j.
1423 4799 1446 4862 f.
1471 4800 1506 4861 in
1537 4797 1684 4881 predicta
1706 4798 1795 4876 villa,
1826 4819 1924 4886 quam

423 4890 565 4975 predicti
580 4886 755 4970 Philippus
770 4893 806 4950 et
821 4885 1006 4949 Willelmus
1021 4885 1185 4968 quondam
1202 4893 1392 4951 tenuerunt.

469 5027 519 5090 Dc
548 5023 702 5107 Philippo
734 5023 774 5085 de
806 5022 891 5104 Arcy
922 5027 1055 5085 tenente
1087 5023 1153 5107 xvj.
1188 5027 1315 5106 partem
1347 5022 1372 5107 j.
1396 5020 1420 5086 f.
1443 5023 1478 5083 in
1509 5022 1665 5105 predictis
1695 5022 1795 5100 villis,
1827 5043 1925 5108 quam

427 5114 581 5178 Ricardus
594 5113 634 5176 de
650 5109 789 5195 Canwylr
804 5109 967 5192 quondam
981 5111 1101 5226 tepuit.

470 5250 519 5314 De
550 5249 690 5332 Hugone
723 5247 762 5311 de
795 5247 880 5329 Arcy
911 5249 1044 5308 tenente
1076 5245 1142 5330 xvj.
1177 5250 1305 5328 partem
1337 5245 1362 5330 j.
1385 5243 1409 5306 f.
1441 5246 1476 5308 in
1506 5245 1662 5328 predictis
1695 5247 1792 5327 villis,
1827 5268 1926 5331 quam

428 5339 565 5402 Edelina
578 5336 618 5399 de
633 5335 799 5418 Eyncourt
812 5333 976 5416 quondam
991 5333 1110 5397 tenuit.

471 5473 520 5537 De
542 5471 685 5536 Roberto
708 5468 749 5532 de
770 5471 854 5551 Arcy
876 5473 1013 5532 tenente
1035 5469 1105 5554 viij.
1129 5472 1256 5552 partem
1278 5489 1334 5533 un.
1359 5468 1382 5533 f.
1406 5467 1441 5530 in
1464 5467 1608 5547 Nomou,
1637 5489 1736 5553 quam
1768 5471 1926 5537 Robertus

430 5544 515 5626 lilius
529 5560 688 5624 Johannis
702 5565 739 5621 et
752 5557 927 5640 participes
942 5556 995 5619 sui
1008 5556 1172 5641 quondam
1187 5559 1374 5619 tenuerunt.

471 5700 520 5764 De
540 5698 658 5762 abbate
679 5696 721 5759 de
741 5694 948 5778 Kyrlsestede
968 5698 1102 5759 tenente
1123 5693 1186 5780 iiij.
1202 5697 1329 5777 partem
1351 5693 1376 5779 j.
1392 5691 1416 5758 f.
1431 5692 1468 5756 in
1484 5694 1627 5780 Nocnorr,
1641 5714 1740 5778 quam
1761 5695 1927 5780 predictus

431 5787 587 5853 Robertus
602 5793 637 5850 et
651 5784 827 5868 participes
842 5784 894 5847 sui
908 5781 1070 5868 quondam
1084 5787 1272 5847 tenuerunt.
1492 5801 1497 5816 ¹

473 5923 521 5988 De
535 5923 678 5988 Rohertc
691 5920 732 5985 de
746 5918 829 6002 Arcy
844 5923 975 5984 tenente
988 5917 1060 6002 viij.
1078 5921 1204 6000 partem
1218 5918 1243 6002 j.
1261 5919 1284 5982 f.
1301 5917 1337 5979 in
1351 5915 1507 5998 predictis
1522 5916 1620 5982 villis.
