5000 7050
1124 1094 1204 1159 AD.
1231 1096 1326 1160 1302.
1908 1100 1970 1165 397

514 1378 690 1445 Nicholaus
714 1383 744 1445 le
775 1383 907 1448 Pottere
936 1390 969 1449 et
995 1389 1145 1449 tenentes
1172 1389 1357 1450 tenementi
1387 1386 1547 1452 Johannis
1572 1388 1614 1451 de
1642 1387 1822 1471 Thorpdele
1850 1393 1884 1452 et
1913 1388 1970 1452 alii

470 1469 617 1531 tenentes
632 1474 748 1534 tenent
762 1470 802 1534 de
818 1473 926 1554 priore
941 1472 1172 1535 monachorum
1188 1472 1340 1554 Theford‚
1354 1481 1389 1538 et
1403 1477 1490 1557 prior
1516 1476 1555 1538 de
1578 1474 1750 1538 heredibus
1774 1474 1908 1539 Roberti
1931 1477 1971 1539 de

471 1554 750 1726 {issispptTlpqeppqes
765 1558 803 1620 de
818 1558 996 1622 Petronilla
1011 1560 1051 1623 de
1066 1560 1209 1639 Valibns,
1225 1567 1259 1624 et
1274 1561 1453 1627 Petronilla
1467 1562 1507 1625 de
1534 1584 1620 1649 rege,
1647 1583 1748 1626 unum
1773 1565 1970 1701 quarterium

513 1777 679 1843 Johannes
693 1781 801 1866 Bygot
817 1786 907 1847 tenet
922 1786 956 1847 in
972 1785 1136 1849 dominico
1151 1791 1184 1849 ct
1199 1788 1337 1851 servicio
1352 1787 1393 1851 de
1409 1788 1528 1851 comite
1543 1786 1746 1865 Marescallo,
1762 1791 1796 1852 et
1811 1808 1916 1852 comes
1930 1788 1971 1851 de

470 1886 554 1950 rege,
569 1869 754 1933 vicesimam
771 1878 897 1954 partem
913 1872 937 1957 j.
955 1873 978 1937 f.
995 1874 1033 1935 in
1049 1873 1207 1939 Sronrou.

513 2003 674 2069 Roberlus
699 2006 740 2071 de
763 2008 893 2072 Vernon
916 2015 1010 2073 tanet
1032 2013 1065 2074 in
1090 2012 1255 2076 dominico
1281 2018 1317 2077 et
1343 2014 1486 2095 servicio,
1509 2034 1583 2077 cum
1613 2014 1800 2078 tenentibus
1828 2015 1906 2092 suis,
1930 2015 1970 2078 de

471 2091 611 2157 Roberto
641 2094 708 2157 tilio
737 2094 865 2178 Regem,
894 2104 928 2161 et
957 2098 1120 2162 Robertns
1151 2100 1192 2163 de
1222 2099 1362 2184 Hugone
1392 2101 1535 2180 Bardolf‚
1563 2107 1597 2165 et
1622 2102 1721 2185 Hugo
1749 2103 1790 2166 de
1820 2102 1970 2186 episeopo

471 2178 619 2265 Norwyci
634 2185 668 2244 et
683 2182 849 2266 episcopus
865 2183 905 2247 de
920 2205 1010 2270 rege,
1025 2186 1201 2250 dimidium
1217 2190 1416 2273 quarterium
1431 2189 1456 2273 j.
1472 2190 1496 2254 f.
1512 2190 1546 2251 in
1562 2189 1679 2255 Hans.

514 2316 696 2382 Willelmus
726 2318 883 2404 Roscelyn
911 2327 944 2386 et
975 2324 1061 2406 prior
1091 2325 1224 2388 ecclesie
1256 2323 1369 2389 Sancti
1396 2327 1570 2390 Trinitatis
1598 2326 1747 2410 Norwyci
1783 2332 1898 2391 tenent
1934 2327 1969 2390 in

472 2404 633 2468 dominico
648 2410 682 2469 et
696 2409 829 2471 servicio
845 2410 884 2471 de
901 2409 1063 2474 Willelmo
1077 2412 1109 2475 le
1124 2412 1305 2475 Mareschal
1320 2419 1355 2477 et
1369 2413 1457 2477 idem
1472 2414 1512 2478 de
1537 2435 1613 2499 rege
1642 2434 1742 2477 unum
1769 2414 1970 2499 quarterium

472 2492 496 2577 j.
512 2491 534 2556 i.
548 2512 590 2557 m.
601 2493 688 2557 unde
702 2494 852 2559 dominus
868 2496 1050 2563 Willelmus
1066 2504 1159 2562 tenet
1173 2500 1254 2563 duas
1269 2505 1377 2584 partes
1392 2502 1531 2583 predicti
1547 2502 1702 2585 quarterii
1716 2506 1749 2564 et
1764 2501 1870 2565 dictus
1884 2504 1971 2587 prior

473 2581 608 2642 terciam
624 2586 748 2664 partem
765 2584 799 2644 in
814 2604 927 2668 puram
944 2590 978 2647 et
992 2590 1183 2671 perpetuam
1197 2587 1417 2655 elemosinam.

961 2876 1180 2947 Husnnsnurr
1207 2904 1249 2947 nn
1273 2881 1493 2950 HAPPYNG.

858 3038 1021 3127 [Oriyinnl
1035 3044 1222 3127 inquisition
1235 3043 1367 3127 printed
1377 3067 1432 3127 pp.
1456 3040 1584 3130 434-5.]

956 3333 1175 3401 Hnunnnnunr
1199 3356 1241 3399 na
1265 3335 1483 3404 astutus.

515 3487 657 3554 Nomina
666 3490 1034 3575 juratorum-lacobus
1057 3496 1097 3559 de
1124 3496 1314 3580 Eggemcm,
1330 3495 1514 3560 Willelmns
1540 3495 1642 3575 Olore,
1668 3496 1811 3582 Rogerus
1836 3495 1970 3577 Harald,

473 3577 656 3642 Willelmus
683 3580 770 3659 filius
794 3580 954 3666 Hugonis‚
979 3581 1156 3646 Nicholaus
1183 3583 1314 3663 Harald,
1340 3583 1459 3647 Petrus
1474 3584 1515 3646 de
1530 3584 1720 3668 Haryngby,
1736 3585 1917 3647 Alexander
1932 3584 1970 3647 de

475 3664 613 3749 Upgatc,
628 3665 790 3731 lohannes
805 3668 953 3748 Simund,
969 3669 1152 3733 Willelmus
1168 3671 1258 3754 Elys,
1273 3672 1433 3736 Robertns
1447 3671 1487 3734 de
1502 3671 1579 3749 Nes,
1594 3670 1711 3735 Petrus
1726 3671 1766 3734 de
1782 3670 1921 3754 Rolesby
1937 3681 1971 3734 et

472 3750 631 3818 Robertus
646 3754 676 3818 le
694 3753 798 3833 Clark,
813 3758 868 3840 qui
885 3757 997 3820 dicunt
1016 3778 1111 3840 super
1126 3762 1366 3822 sacramentum
1382 3778 1477 3820 suum
1493 3759 1577 3843 quod
1589 3782 1642 3823 :-

515 3940 673 4006 Dominus
689 3942 787 4028 Hugo
803 3943 937 4007 Bardoli
948 3949 1040 4009 tenet
1056 3947 1239 4009 manerium
1255 3965 1349 4009 snum
1365 3945 1404 4009 de
1421 3946 1547 4013 Cassan
1563 3944 1731 4029 pertinens
1745 3944 1787 4008 ad
1806 3944 1971 4008 baroniam
1984 3919 1993 3939 ⁸

472 4027 511 4091 de
526 4026 701 4113 Canteleye
715 4051 774 4114 per
789 4031 874 4116 quod
889 4033 1064 4095 servicium
1079 4034 1241 4122 ignorant.

515 4166 672 4232 Dominus
694 4168 874 4234 Adomarus
897 4169 938 4234 de
962 4170 1116 4234 Valencia
1141 4177 1235 4236 tenet
1259 4173 1442 4236 manerium
1467 4171 1508 4236 de
1535 4171 1670 4238 Frnnnr
1684 4191 1742 4255 pro
1765 4170 1867 4235 tercia
1881 4173 1973 4253 parte

472 4252 496 4338 j.
512 4255 534 4318 i.
551 4275 595 4319 m.
612 4257 664 4320 i.o.
681 4255 722 4320 de
737 4257 867 4320 domino
883 4277 969 4343 rege.

515 4390 674 4457 Dominus
697 4392 796 4478 Hngo
821 4394 957 4458 Bardoll
979 4400 1013 4459 et
1036 4393 1172 4460 heredes
1196 4396 1321 4460 domini
1336 4395 1493 4461 Willelmi
1515 4398 1556 4460 de
1579 4395 1726 4461 Stalham
1741 4400 1855 4460 tenent
1871 4416 1973 4460 unum

473 4480 670 4561 quarterium
686 4485 720 4544 et
735 4481 910 4546 dimidium
925 4482 948 4548 f.
966 4502 1011 4548 m.
1028 4482 1069 4546 de
1085 4482 1257 4548 heredibus
1272 4483 1397 4548 Mathei
1421 4486 1463 4548 de
1488 4484 1621 4549 Gunten
1646 4486 1682 4547 in
1708 4484 1910 4563 Sonournnr,
1938 4490 1973 4548 et

471 4565 609 4647 predicti
624 4568 664 4631 de
678 4570 840 4653 episcopo,
858 4577 891 4632 et
905 4569 1075 4653 episcopus
1089 4571 1128 4634 de
1143 4572 1275 4635 domino
1289 4592 1373 4655 rege.

515 4701 674 4768 Dominus
686 4705 868 4769 Willelmus
890 4707 930 4769 de
956 4705 1081 4771 Boville
1106 4713 1198 4772 tenet
1223 4728 1326 4771 unum
1354 4710 1554 4792 quarterium
1577 4707 1600 4772 f.
1617 4729 1661 4773 m.
1684 4709 1720 4772 in
1747 4709 1921 4775 Tamna
1934 4709 1975 4772 de

473 4791 616 4854 manerio
642 4793 681 4855 de
707 4792 811 4878 Ouby,
834 4798 869 4857 et
895 4793 1030 4857 heredes
1046 4795 1085 4858 de
1102 4794 1195 4879 Ouby
1210 4796 1251 4860 de
1267 4797 1387 4860 comite
1403 4794 1604 4872 Marescallo,
1618 4805 1652 4860 ct
1667 4815 1773 4859 comes
1789 4797 1828 4859 de
1842 4795 1974 4859 domino
1997 4867 2003 4881 ἢ

474 4895 557 4962 rege.

944 5167 1164 5234 Huunnsnura
1188 5191 1231 5234 nn
1254 5169 1515 5238 WESTFLEG.

516 5325 657 5389 Nomina
670 5327 851 5412 juratorum
863 5325 1144 5412 adinquirendum
1157 5330 1198 5393 de
1213 5329 1316 5394 feodis
1330 5331 1476 5394 militum
1491 5332 1526 5395 in
1541 5329 1707 5395 hundredo
1721 5331 1762 5394 de
1771 5329 1963 5414 Westfleg-

474 5411 638 5476 Johannea
661 5416 700 5477 de
723 5412 920 5498 Pyrenaea,
941 5413 1055 5478 Simon
1081 5417 1212 5496 Taliter,
1237 5411 1421 5483 Willelmua
1447 5418 1534 5481 filins
1558 5418 1744 5497 Senescalli‚
1768 5417 1907 5481 Thomas
1932 5416 1973 5480 de

475 5499 638 5584 Begevile,
675 5499 787 5564 Simon
824 5501 865 5564 de
903 5501 1054 5585 Rolcsby‚
1096 5503 1279 5568 Willelmus
1316 5506 1356 5568 de
1393 5505 1585 5584 Holveston,
1622 5505 1804 5568 Willelmus
1839 5504 1972 5582 Arnald‚

474 5585 671 5671 Reginaldus
685 5588 725 5650 de
741 5587 838 5666 Stow,
853 5586 1010 5651 Ricardus
1024 5590 1065 5652 de
1083 5591 1288 5674 Wynterton,
1303 5591 1322 5654 J
1326 5593 1465 5655 ohannes
1489 5592 1557 5673 Erl,
1582 5593 1749 5658 Hubertns
1774 5592 1814 5655 dc
1840 5591 1973 5655 (lamera

475 5679 509 5736 et
524 5673 668 5758 Rogerua
683 5674 723 5738 de
739 5673 924 5758 Aylesham,
942 5679 998 5758 qui
1013 5677 1128 5740 dicunt
1143 5698 1239 5762 snper
1255 5685 1492 5742 sacramentum
1507 5681 1590 5765 quod
1602 5703 1656 5741 :-

516 5859 624 5924 Abbas
648 5858 758 5924 Sancti
782 5860 953 5925 Benedicti
979 5862 1018 5925 de
1044 5862 1167 5926 Hulmo
1192 5869 1285 5929 tenet
1299 5868 1445 5929 maneria
1460 5886 1518 5928 sua
1532 5867 1573 5929 de
1587 5866 1720 5932 Asmr
1734 5869 1769 5926 et
1784 5864 1916 5929 Tanna
1931 5862 1973 5935 (le

475 5945 605 6012 domino
619 5967 695 6036 rege
710 5949 913 6032 pertinencia
927 5948 968 6011 ad
983 5949 1147 6013 baroniam
1164 5971 1269 6030 suam,
1283 5974 1341 6040 per
1355 5953 1439 6038 quod
1457 5955 1630 6018 servicium
1643 5956 1805 6040 ignorant.
