5000 7050
1107 1062 1190 1127 A.D.
1216 1066 1314 1131 1303.
1899 1070 1960 1133 149

502 1350 549 1414 De
570 1348 720 1414 Johmne
741 1348 782 1413 de
804 1350 940 1416 Helwell
961 1356 996 1416 et
1018 1350 1175 1415 Nicholao
1191 1354 1233 1417 de
1255 1352 1393 1419 Oomton
1416 1356 1603 1420 tenentibus
1625 1357 1670 1421 di.
1693 1357 1717 1423 i.
1740 1358 1775 1419 in
1801 1357 1959 1437 Scituri,

460 1438 545 1519 quod
567 1436 727 1502 Robertus
748 1438 789 1501 dc
810 1438 982 1524 Bretcvylc
1003 1440 1166 1522 quondam
1181 1442 1291 1505 tenuit
1305 1442 1341 1504 in
1355 1442 1480 1508 cadem.

500 1587 549 1650 De
572 1587 721 1672 episcopo
747 1588 958 1654 Dunolmcnsi
984 1596 1117 1654 tenente
1142 1591 1191 1675 iij.
1215 1596 1340 1675 partem
1365 1597 1401 1657 ct
1414 1593 1458 1659 xl.
1475 1598 1603 1677 partem
1619 1594 1643 1679 j.
1662 1596 1684 1661 f.
1701 1596 1736 1657 in
1754 1596 1846 1661 Boni
1873 1595 1959 1678 quod

461 1674 641 1739 Willelmus
655 1676 696 1739 de
712 1676 884 1741 Lincolnia
899 1677 1062 1762 quondam
1076 1680 1187 1743 tenuit
1201 1681 1236 1741 in
1253 1680 1377 1745 cadem.

499 1826 546 1890 De
560 1828 666 1911 priore
680 1826 720 1891 dc
735 1828 935 1893 Haverholm
956 1827 1045 1917 [pro]
1067 1829 1144 1915 xvij·
1161 1836 1253 1915 parte
1268 1834 1406 1916 predicti
1422 1831 1445 1899 f.
1460 1834 1495 1897 in
1511 1834 1636 1901 eadem.

499 1977 548 2041 Dc
562 1978 669 2062 priore
685 1978 803 2043 Sancte
819 1979 980 2043 Katerine
994 1984 1127 2045 tenente
1142 1980 1200 2066 xij.
1216 1987 1345 2066 partem
1360 1983 1499 2065 predicti
1514 1984 1538 2050 f.

500 2132 549 2196 De
563 2134 634 2196 Ada
647 2132 716 2195 filio
730 2132 887 2198 Johannis
902 2154 960 2217 pro
974 2134 1021 2199 di.
1036 2133 1061 2201 f.
1077 2135 1113 2198 in
1135 2136 1372 2212 Rremcmmr,
1395 2137 1479 2221 quod
1504 2134 1672 2201 Johannes
1696 2136 1784 2203 filius
1807 2138 1960 2223 Hugonis

455 2220 621 2305 quondam
634 2221 751 2285 tenuit.

500 2374 548 2436 De
564 2374 634 2436 Ada
658 2372 728 2435 filio
752 2372 909 2436 Johannis
931 2394 989 2457 pro
1014 2373 1105 2459 xviij.
1121 2383 1212 2457 parte
1224 2374 1249 2458 j.
1266 2373 1289 2439 f.
1305 2376 1340 2438 in
1366 2374 1533 2455 Krrermr,
1558 2374 1644 2459 quod
1668 2377 1776 2442 dictus
1790 2376 1958 2443 Johennes

455 2462 619 2547 quondam
636 2462 753 2525 tenuit.

500 2615 549 2678 De
575 2613 716 2677 Roberto
741 2614 782 2677 de
807 2615 915 2697 Thorp
938 2634 994 2697 pro
1018 2612 1101 2698 iiij¹¹
1116 2618 1208 2698 parte
1228 2613 1256 2698 j.
1272 2615 1295 2681 f.
1311 2616 1345 2678 in
1363 2615 1488 2695 Tuom,
1502 2616 1588 2699 quod
1614 2614 1775 2682 Robcrtus
1791 2618 1832 2682 de
1847 2616 1956 2703 Thorp

456 2702 621 2787 quondam
636 2701 759 2764 tenuit.

500 2852 549 2914 De
572 2849 715 2913 Roberto
736 2848 804 2911 filio
827 2848 909 2933 Elye
932 2854 1066 2913 tenente
1092 2847 1129 2934 ij.
1156 2852 1264 2932 partes
1273 2848 1302 2931 j.
1319 2848 1341 2913 f.
1356 2850 1392 2911 in
1408 2848 1625 2928 Mrssscnrorr,
1641 2870 1721 2932 quae
1736 2847 1899 2914 Robcrtus
1917 2850 1957 2913 de

455 2935 644 3002 Mercchton
658 2938 822 3020 quondam
837 2937 958 3001 tenuit.

499 3089 547 3152 Dc
571 3087 720 3155 Johcnne
742 3087 810 3149 filio
825 3084 984 3151 Johannis
999 3086 1038 3149 de
1052 3087 1272 3151 Braunccwell
1288 3092 1421 3153 tenente
1436 3045 1482 3155 di.
1498 3087 1522 3153 f.
1539 3089 1575 3151 in
1592 3088 1855 3166 muronicam,
1870 3090 1958 3174 quod

454 3177 615 3262 magister
629 3174 812 3239 Willelmus
834 3171 889 3260 [dc
907 3172 1139 3260 Braunocwell]
1161 3176 1323 3258 quondam
1339 3176 1461 3241 tenuit.

500 3325 549 3389 De
563 3324 716 3408 magistro
730 3322 852 3385 milicie
867 3320 996 3404 Templi
1011 3327 1147 3387 tenente
1162 3323 1222 3408 iiij.
1239 3329 1368 3409 partem
1385 3321 1524 3407 predicti
1539 3322 1563 3389 f.
1578 3326 1614 3389 in
1631 3326 1892 3393 Bmorcorrwmr.

498 3477 548 3542 De
563 3476 668 3562 priore
682 3476 724 3540 de
738 3473 936 3538 Haverholm
951 3476 1087 3538 tenente
1100 3472 1162 3560 iiij.
1180 3486 1308 3557 partem
1324 3474 1461 3558 predicti
1478 3473 1503 3539 f.
1520 3476 1556 3537 in
1570 3474 1835 3542 Bmmmmm.

497 3616 547 3680 Dc
574 3615 714 3678 Roberto
735 3615 776 3676 dc
800 3613 872 3675 Ηοο
895 3616 1027 3674 tenente
1053 3611 1101 3693 iij.
1125 3617 1254 3694 partem
1280 3611 1316 3697 ij.
1342 3614 1486 3696 partium
1510 3612 1536 3696 j.
1553 3612 1576 3678 f.
1593 3613 1628 3676 in
1655 3614 1850 3690 Romam,
1875 3635 1957 3698 quos

458 3703 616 3768 Rcdulfus
629 3703 670 3766 de
685 3699 806 3766 Gousel
821 3699 984 3783 quondam
999 3699 1108 3762 tenuit
1122 3703 1157 3762 in
1172 3699 1297 3764 eadem.

498 3842 547 3906 De
562 3841 694 3904 domino
708 3858 783 3921 rege
797 3843 931 3901 tenente
946 3835 983 3923 ij.
998 3843 1105 3920 partes
1120 3836 1157 3922 ij.
1173 3839 1318 3922 partium
1333 3838 1475 3920 predicti
1490 3837 1514 3902 f.
1530 3838 1565 3900 in
1581 3838 1706 3904 eadem.

498 3977 547 4041 De
569 3975 710 4039 Roberto
731 3973 772 4038 de
794 3972 1019 4056 Brakenberge
1049 3976 1187 4037 tenente
1215 3971 1242 4056 j.
1265 3971 1289 4037 f.
1312 3973 1348 4036 in
1373 3974 1633 4052 errrrrmmccc,
1656 3973 1742 4058 quod
1767 3973 1957 4059 chulphue

452 4067 495 4129 de
510 4062 736 4146 Brakenbcrge
750 4061 914 4144 quondam
931 4061 1048 4126 tenuit.

495 4201 544 4264 De
566 4200 731 4264 Wiilelmo
762 4200 794 4263 ic
816 4198 982 4262 Vavaeour
1014 4202 1147 4262 tenente
1174 4197 1218 4282 vj.
1251 4202 1380 4281 partem
1409 4198 1437 4283 j.
1461 4198 1484 4263 f.
1511 4198 1547 4261 in
1584 4197 1840 4277 Komrreororc,
1872 4197 1957 4281 quod

449 4289 474 4353 J
475 4290 615 4352 ohannes
629 4288 659 4352 lc
674 4287 839 4351 chaoour
853 4286 1015 4369 quondam
1031 4286 1151 4350 tonuit.

494 4427 544 4491 De
559 4427 677 4492 abbate
693 4425 733 4489 de
747 4425 848 4488 Pareo
865 4425 956 4487 Lude
972 4428 1105 4487 tenente
1120 4445 1151 4488 x.
1168 4428 1294 4506 partem
1310 4423 1448 4507 predicti
1464 4423 1487 4490 f.
1503 4424 1540 4487 in
1556 4423 1684 4490 eedem.

495 4561 545 4626 De
560 4563 666 4646 priore
681 4560 721 4625 de
736 4558 941 4643 Alvyngham
956 4564 1089 4623 tenente
1104 4559 1175 4644 viij.
1191 4564 1320 4643 partem
1336 4567 1371 4624 et
1384 4559 1428 4626 xi.
1446 4567 1572 4644 partem
1587 4559 1611 4626 f.
1629 4559 1776 4643 predicti.

497 4701 545 4764 De
558 4699 714 4783 Philippo
728 4699 768 4762 de
784 4696 937 4781 Clothorp
952 4704 1086 4762 tenente
1103 4698 1164 4784 iiij.
1188 4703 1295 4781 partes
1307 4697 1335 4782 j.
1353 4698 1377 4763 f.
1393 4700 1427 4761 in
1451 4700 1671 4776 Ammonioi,
1694 4719 1758 4782 quc
1774 4695 1956 4778 Gustancia,

451 4811 517 4873 que
531 4789 597 4852 fuit
611 4809 691 4851 uxor
706 4786 848 4851 Simonis
863 4786 905 4848 de
922 4783 1087 4868 Clothorp,
1103 4796 1138 4848 et
1152 4785 1275 4848 idonea
1289 4785 1329 4848 de
1345 4785 1507 4869 Aystcrby
1522 4786 1686 4870 quondam
1700 4791 1889 4853 tenuerunt.

496 4926 547 4988 De
567 4926 675 5008 priore
695 4924 736 4986 dc
752 4923 956 5008 Alvyngham
979 4926 1111 4987 tenente
1128 4923 1188 5008 iiij.
1204 4929 1331 5006 partem
1346 4922 1371 5008 j.
1388 4923 1411 4988 f.
1428 4923 1463 4985 in
1479 4922 1701 5000 Armenii,
1716 4922 1803 5005 quod
1818 4921 1958 4987 Thomas

452 5013 577 5076 Muctel
590 5011 752 5095 quondam
768 5013 889 5076 tenuit.

497 5152 546 5215 De
559 5149 693 5213 domino
706 5127 782 5229 rego
796 5150 931 5210 tenente
946 5167 976 5211 v.
993 5152 1119 5231 partem
1131 5144 1159 5229 j.
1172 5146 1197 5211 f.
1207 5147 1242 5208 in
1261 5146 1402 5225 Coroni,
1413 5143 1500 5229 quod
1511 5143 1698 5210 willelmus
1712 5145 1953 5228 Puncherd(on)

454 5238 618 5323 quondam
631 5235 751 5299 tenuit.

496 5375 544 5439 De
566 5374 698 5438 Simone
719 5371 761 5434 de
782 5371 941 5456 Fytiingg
964 5374 1098 5436 tenente
1120 5372 1166 5437 di.
1190 5370 1215 5436 f.
1230 5371 1267 5434 in
1292 5371 1427 5436 Hororr
1451 5373 1486 5433 et
1507 5367 1597 5449 olibi,
1624 5370 1711 5453 quod
1735 5370 1894 5435 Robcrtus
1915 5370 1956 5434 de

455 5463 597 5546 Teuelby
612 5461 776 5544 quondam
790 5459 908 5524 tenuit.
1133 5489 1138 5499 ·
1377 5475 1378 5480 ¹

498 5595 698 5749 Dedpinpdrec
716 5595 760 5744 de
782 5593 973 5679 Tyryngton
995 5598 1131 5658 tenente
1152 5593 1197 5658 di.
1220 5594 1245 5660 f.
1269 5594 1305 5657 in
1328 5593 1525 5670 hermodori,
1546 5593 1633 5677 quod
1662 5591 1802 5657 Thomas
1833 5593 1957 5659 Mustel

457 5705 541 5770 quon
649 5701 754 5746 cnm.

499 5817 547 5882 De
580 5817 719 5880 Roberto
748 5814 789 5877 de
821 5811 1002 5877 Rothewell
1034 5818 1167 5877 tenente
1198 5813 1243 5876 di,
1268 5813 1292 5876 f.
1314 5813 1348 5875 in
1371 5812 1552 5878 Lmomoc
1577 5813 1634 5888 (et)
1661 5810 1846 5887 Turriccm,
1870 5809 1956 5892 quod

458 5905 578 5970 Alanus
592 5905 634 5968 de
648 5900 828 5967 Rothewcll
842 5900 1004 5985 quondam
1019 5901 1139 5965 tenuit.
