5000 7050
1137 1087 1218 1153 A.D.
1244 1089 1340 1152 1428.

1112 1375 1207 1447 An.
1251 1373 1375 1446 1428.

534 1555 694 1641 Hsnricus
720 1557 782 1621 Dei
805 1560 913 1634 urscia
938 1580 991 1623 rex
1015 1560 1133 1644 Anglis
1157 1566 1192 1624 et
1216 1560 1353 1624 Francia
1380 1564 1415 1622 et
1429 1560 1582 1621 dominus
1598 1557 1767 1632 Hibernis,
1782 1555 1913 1617 dilectis
1928 1554 1991 1616 sibi

493 1640 635 1705 Jobanni
664 1644 763 1727 Pylis,
796 1646 961 1710 Willelmo
992 1646 1180 1725 Brolrhersl,
1216 1645 1357 1713 Johanni
1400 1645 1578 1723 Barnevile,
1617 1644 1756 1706 Ricardo
1794 1642 1921 1711 Stanes.
1957 1645 1991 1702 et

475 1728 656 1817 'Willelmo
668 1732 941 1811 Abbot‚salutem.
979 1733 1097 1798 Sciatis
1112 1736 1196 1820 quod
1212 1733 1269 1798 nc.
1285 1739 1327 1813 (to
1344 1736 1394 1799 ibe
1410 1756 1495 1798 sorno
1511 1736 1597 1816 effect
1611 1755 1647 1797 aa
1663 1734 1697 1795 in
1712 1732 1772 1795 ool.
1791 1729 1836 1794 lI.
1851 1753 1887 1812 p.
1906 1731 1992 1805 180).

493 1815 587 1879 Teste
601 1837 655 1881 me
670 1820 742 1902 ipso
756 1820 843 1902 apud
859 1822 1190 1887 westmonasterium
1205 1829 1296 1886 sexto
1311 1822 1364 1884 die
1379 1821 1499 1905 Aprilis
1514 1839 1600 1883 anno
1613 1821 1706 1903 regni
1721 1817 1821 1880 nostri
1837 1821 1939 1880 sexto.

499 1948 505 1959 ’
536 1954 700 2019 Particule
725 1960 869 2041 compoti
895 1958 1056 2023 Johannis
1082 1958 1184 2043 Pyke,
1210 1958 1368 2021 Willelmi
1395 1956 1588 2035 Brokhurst,
1616 1954 1777 2019 Johannis
1808 1953 1990 2032 Barnevile‚

494 2041 624 2105 Ricardi
652 2042 778 2125 Stanes,
796 2049 830 2109 et
845 2046 1004 2109 Willelmi
1022 2047 1136 2126 ribbot,
1152 2047 1359 2109 collectorum
1386 2046 1556 2129 cujusdam
1583 2044 1720 2106 subsidii
1737 2041 1812 2125 vj.a.
1827 2040 1935 2126 viiia.
1950 2042 1991 2103 de

493 2128 637 2213 qualibet
659 2132 811 2214 parocbia
835 2133 921 2197 inira
943 2136 1136 2197 comitatum
1163 2134 1387 2212 Middlesexie‚
1404 2133 1498 2215 cujus
1520 2132 1653 2195 ecclesia
1676 2150 1740 2193 non
1764 2133 1907 2207 taxatur,
1933 2131 1990 2190 aut

492 2219 781 2366 antlsgquindenanr
799 2220 910 2284 Sancti
925 2220 1099 2285 Michaelis
1114 2223 1233 2285 ultimo
1248 2222 1438 2304 preteritam
1453 2224 1566 2283 taxata
1580 2228 1651 2281 erat
1670 2216 1727 2282 dcc.
1754 2220 1802 2295 (oa
1816 2219 1852 2280 in
1867 2218 1926 2281 vot.
1943 2214 1989 2280 ΙΙ.

972 2632 1169 2701 Daosnsrns
1191 2630 1522 2700 MIDDLESEXIE.

491 2794 619 2961 polehe
634 2804 764 2958 (ἷαηζὲιςπε
777 2796 816 2877 os
824 2796 873 2860 iba
888 2796 1016 2879 subsidy
1032 2796 1121 2880 baino
1135 2798 1171 2861 in
1186 2818 1283 2879 many
1302 2819 1388 2862 cossa
1410 2796 1555 2879 illaoible,
1572 2795 1630 2858 bas
1657 2794 1731 2857 been
1751 2796 1811 2875 for
1834 2794 1884 2857 tlae
1911 2803 1992 2855 sucat

580 2902 643 2945 osas
712 2929 719 2945 .

538 3015 683 3080 Ecclesia
698 3016 818 3086 smmi
834 3018 982 3085 Mmmr
997 3040 1032 3085 m
1048 3018 1172 3087 Gaurus
1187 3020 1374 3109 taxatur-ad
1389 3041 1440 3083 xv.
1457 3038 1595 3085 marcas.

537 3122 682 3217 Ecclesia
695 3154 737 3218 de
751 3152 935 3221 Tannum
951 3160 1081 3219 taxatur
1096 3157 1137 3219 ad
1154 3157 1218 3241 xvj.
1234 3180 1369 3237 marcos.
1490 3146 1507 3153 ”

538 3288 682 3353 Ecclesia
697 3290 736 3354 de
751 3292 959 3359 Ennnnnnon
975 3297 1107 3357 taxatur
1121 3295 1160 3357 ad
1176 3295 1197 3359 l.
1214 3318 1348 3360 marcos.
1395 3292 1582 3357 Subsidium
1605 3313 1636 3356 v.
1652 3312 1768 3370 maroe,
1790 3291 1877 3354 unde
1903 3292 1991 3355 xad.

494 3397 551 3461 pro
564 3376 657 3441 bonis
672 3378 807 3443 Henrici
823 3378 944 3459 Somcr,
960 3382 1106 3445 custodie
1122 3392 1253 3445 monete
1269 3383 1394 3446 do'mini
1409 3382 1496 3465 regis
1510 3381 1598 3443 inira
1611 3380 1741 3442 Turrim
1758 3379 1936 3444 Londonie.

537 3463 666 3529 Vicaria
681 3465 826 3549 ejusdem
840 3469 1025 3532 taxaturad
1041 3490 1102 3535 c.s.
1515 3479 1517 3484 '
1692 3489 1697 3498 ·

535 3551 653 3617 Pensio
667 3553 792 3617 abbatis
807 3555 848 3618 ds
864 3555 1018 3620 Waldene
1031 3559 1067 3620 in
1080 3557 1194 3621 eadem
1210 3557 1330 3620 vicaria
1345 3561 1475 3618 taxatur
1490 3555 1531 3618 ad
1546 3555 1622 3620 xla.
1672 3551 1794 3631 (Nichil
1817 3553 1923 3616 reddit
1938 3550 1992 3614 hic

495 3639 534 3702 de
548 3640 702 3736 subsidio,
718 3641 795 3726 quis
809 3643 947 3706 inferius
962 3649 1111 3708 oneratur
1126 3647 1159 3707 in
1175 3643 1294 3728 majori
1307 3647 1457 3721 summa.)
1576 3695 1580 3701 .

537 3777 682 3843 Ecclesia
695 3779 736 3842 de
750 3778 893 3844 Earnnn
908 3782 1038 3843 taxatur
1051 3781 1093 3844 ad
1107 3781 1183 3852 xli.
1243 3775 1244 3780 ’

537 3865 665 3929 Vicaria
680 3865 826 3948 ejusdem
841 3873 972 3930 taxatur
985 3866 1026 3931 ad
1042 3867 1085 3935 ix.
1101 3888 1235 3932 marcas.
1335 3903 1339 3908 -

433 3985 439 3994 ’
537 3969 681 4064 Ecclesia
695 3999 735 4063 ds
752 3994 843 4068 sltem
859 4001 982 4068 Munus
997 4005 1130 4068 taxatur
1144 4003 1182 4066 ad
1200 4003 1279 4088 xxij.
1297 4007 1431 4067 marcas.

536 4137 677 4203 Ecclesia
691 4140 731 4202 de
747 4139 893 4206 Hannon
909 4145 1040 4205 taxatm
1054 4141 1094 4204 ad
1110 4163 1182 4206 xxx.
1197 4161 1330 4220 marcas.

495 4225 662 4396 prgeirgziao)
677 4227 805 4290 abbatis
821 4226 1099 4292 westmonasterii
1124 4229 1159 4291 in
1183 4229 1298 4292 eadem
1322 4232 1453 4292 matur
1469 4227 1510 4289 ad
1525 4226 1562 4312 ij.
1579 4245 1711 4291 marcas.
1758 4225 1881 4304 (Nichil
1895 4247 1993 4290 causa

538 4449 683 4513 Ecclesia
698 4451 737 4512 de
753 4449 975 4516 manseron
991 4455 1122 4514 taxatur
1136 4452 1178 4514 ad
1193 4453 1280 4537 xxvj.
1296 4472 1429 4518 marcas.

536 4536 648 4600 Porcio
678 4537 892 4601 elemosinarii
908 4537 1184 4602 Westmoriastarii
1211 4541 1246 4602 in
1271 4540 1384 4603 eadem
1413 4543 1543 4603 taxatur
1568 4537 1609 4600 ad
1635 4559 1664 4601 v.
1685 4555 1820 4601 marcas.
1870 4533 1993 4613 (Nichil
2092 4587 2095 4592 .

495 4644 589 4688 causa
603 4623 773 4709 predicta.)
1998 4631 2003 4640 '

537 4711 664 4776 Vicaria
678 4711 825 4794 ejusdem
840 4716 972 4775 taxatur
986 4713 1026 4774 ad
1043 4711 1099 4799 xij.
1115 4733 1249 4779 marcas.

504 4919 507 4926 ¹
538 4848 586 4912 De
610 4848 752 4912 subsidio
775 4848 1035 4914 inhabitsncium
1061 4849 1096 4912 et
1120 4851 1285 4914 domicilia
1308 4851 1497 4914 tenencium
1520 4851 1555 4912 in
1580 4846 1733 4933 parochia
1761 4847 1802 4909 de
1833 4847 1993 4926 Tmoeris,

494 4936 585 5019 cujus
610 4935 746 5000 ecclesia
771 4941 902 5000 taxatur
926 4937 966 5000 ad
992 4937 1035 5002 ix.
1052 4957 1185 5017 marcas,
1201 4931 1265 5000 non
1289 4937 1495 5021 respondent,
1513 4957 1551 5000 eo
1576 4937 1662 5021 quod
1684 4955 1748 4999 non
1772 4943 1849 4998 sunt
1871 4935 1993 4998 ibidem

496 5023 600 5106 plures
615 5023 838 5088 inhabitantes
853 5029 889 5087 et
904 5024 1070 5088 domicilia
1083 5030 1234 5089 tenentes
1250 5047 1349 5109 quam
1363 5030 1428 5088 tres
1444 5021 1496 5110 [ut
1513 5021 1668 5109 predicti]
1683 5022 1867 5086 collectores
1881 5022 1993 5084 dicunt

496 5129 590 5194 super
605 5116 842 5175 sacramentum
858 5131 963 5177 suum.
1408 5175 1413 5182 ,

536 5249 679 5312 Ecclesia
695 5249 736 5312 de
751 5248 957 5317 Guncnnrn
971 5254 1103 5314 taxatur
1116 5251 1157 5326 ad
1172 5249 1242 5336 xiij.
1258 5270 1395 5313 marcas.

536 5379 678 5444 Ecclesia
693 5379 733 5442 de
748 5381 920 5447 Hmwsm
934 5401 1009 5444 cum
1022 5382 1145 5465 capella
1161 5383 1202 5445 de
1217 5379 1441 5446 Baamssoan
1456 5381 1587 5442 taxatur
1601 5379 1643 5441 ad
1659 5399 1689 5442 x.
1707 5396 1840 5439 marcas.

537 5514 680 5578 Ecclesia
695 5515 735 5578 de
750 5497 888 5597 Hnsnois
904 5521 1034 5579 taxatur
1048 5515 1089 5578 ad
1105 5516 1189 5602 xxvj.
1200 5535 1341 5580 'marcas

537 5654 680 5718 Ecclesia
694 5655 733 5717 de
749 5655 964 5722 Isrsnwonnu
979 5659 1112 5719 taxatur
1124 5655 1165 5718 ad
1181 5655 1285 5739 xxiiij.
1302 5673 1434 5717 marcas.

537 5794 680 5858 Ecclesia
694 5793 733 5856 de
749 5795 968 5900 Twrnnnnnrs
979 5797 1111 5856 taxatur
1123 5794 1165 5857 ad
1182 5793 1259 5876 xvij.
1275 5814 1407 5857 marcas.

539 5929 682 6032 Ecclesia
696 5931 737 5994 ds
751 5931 914 5998 Hannon
930 5933 1060 5993 taxatur
1074 5930 1116 5993 ad
1132 5951 1184 5995 xx.
1200 5950 1333 5994 marcas.
