5000 7050
1119 1113 1203 1180 AJ).
1229 1115 1329 1183 1428.
1914 1115 1976 1180 591

507 1400 647 1467 'l'homaa
663 1403 704 1467 de
720 1403 821 1468 Morle
836 1407 931 1467 tenet
945 1405 980 1467 in
996 1404 1119 1470 Moann
1132 1403 1158 1487 j.
1174 1402 1198 1466 f.
1215 1424 1261 1469 m.
1278 1404 1319 1466 de
1335 1403 1467 1468 domino
1483 1403 1584 1468 Morle
1598 1410 1637 1466 ut
1650 1405 1689 1466 de
1705 1404 1850 1468 manerio
1866 1423 1924 1464 auo
1939 1402 1978 1465 de

465 1488 679 1575 Holreryngg,
697 1498 732 1554 et
747 1491 837 1556 idem
853 1491 893 1554 de
907 1512 981 1576 rege
1058 1533 1068 1543 -
1160 1532 1171 1542 -
1264 1532 1274 1543 ·
1363 1528 1378 1539 -
1469 1531 1479 1541 -
1570 1531 1580 1542 -
1671 1531 1682 1541 -
1772 1490 1975 1575 vj.a.viij.cl.

510 1651 672 1715 Robertua
701 1653 814 1736 wath
841 1658 933 1716 tenet
956 1655 989 1715 iu
1019 1654 1305 1720 Waaurnrunrran
1334 1673 1438 1718 unum
1454 1655 1655 1738 quarterium
1672 1653 1696 1736 j.
1714 1655 1733 1716 f.
1753 1673 1797 1716 m.
1813 1652 1976 1736 quondam

464 1736 621 1803 Johannis
637 1738 870 1817 Helueton‚de
886 1741 1025 1824 Hngone
1042 1741 1132 1818 verr,
1148 1747 1181 1804 et
1198 1741 1288 1805 idem
1304 1741 1484 1824 deroga·
1576 1780 1587 1791 -
1678 1780 1689 1790 -
1781 1780 1791 1790 -
1884 1741 1975 1804 aad.

508 1900 668 1965 llobartua
682 1903 724 1964 de
738 1901 869 1965 Mortuo
885 1901 970 1964 Mari
986 1911 1080 1966 tenet
1094 1904 1129 1965 in
1146 1903 1274 1968 Burrou
1298 1923 1403 1967 unum
1426 1903 1629 1986 quarterium
1656 1903 1680 1986 j.
1698 1901 1721 1966 f.
1742 1923 1787 1966 m.
1813 1900 1976 1983 quondam

465 1986 672 2051 Constantini
695 1989 735 2053 de
763 1989 894 2052 Mortuo
920 1989 1015 2069 Mari,
1041 1990 1082 2054 da
1108 1988 1281 2054 heredibus
1309 1991 1496 2071 Sempronia
1520 1990 1561 2052 de
1590 1990 1673 2063 Ηοο,
1699 1989 1787 2052 idem
1804 1989 1842 2050 de
1858 1989 1977 2052 comite

465 2075 649 2155 Warennie,
665 2083 702 2140 et
715 2076 806 2141 idem
821 2097 929 2141 comes
945 2077 986 2140 de
1001 2096 1077 2161 rege
1172 2112 1795 2128 -------
1885 2072 1975 2140 rad.

509 2237 603 2302 Idem
629 2237 787 2303 Robertua
812 2239 852 2302 do
877 2239 1006 2302 Mortuo
1030 2238 1117 2302 Mari
1144 2244 1236 2303 tenet
1262 2239 1298 2303 in
1325 2240 1493 2305 Bnaunau
1524 2243 1650 2304 sextam
1681 2243 1807 2322 partem
1832 2239 1859 2322 j.
1885 2239 1907 2301 f.
1932 2260 1976 2302 m.

464 2326 627 2408 quondam
642 2325 800 2388 Johnnnis
814 2326 855 2389 de
870 2327 983 2389 Monte
998 2324 1149 2405 Gothiae,
1164 2328 1205 2390 de
1221 2325 1399 2391 heredibus
1425 2327 1552 2391 domini
1575 2327 1605 2391 le
1632 2325 1739 2410 Plays,
1766 2332 1800 2389 et
1823 2327 1912 2390 idem
1938 2325 1978 2388 de

465 2413 585 2476 comite
601 2413 781 2491 waremie,
797 2423 831 2476 et
844 2413 933 2478 idem
948 2435 1055 2479 comes
1071 2415 1112 2478 de
1126 2435 1215 2500 rege.

510 2574 704 2640 Edmundua
718 2573 945 2658 Berry‚milea,
954 2580 1049 2639 tenet
1062 2576 1098 2638 in
1111 2576 1367 2642 Maanmeroau
1383 2597 1487 2641 unum
1503 2577 1707 2660 quarterium
1719 2577 1740 2639 f.
1757 2597 1801 2640 m.
1815 2575 1978 2660 quondam

467 2660 599 2724 Roberti
614 2661 654 2725 de
670 2660 889 2738 Weohieham‚
904 2661 945 2726 de
960 2663 1078 2727 abbate
1093 2664 1134 2727 de
1150 2663 1272 2729 Sancto
1288 2664 1475 2742 Edmundo,
1490 2673 1522 2727 et
1538 2664 1628 2728 idem
1643 2663 1684 2727 de
1700 2683 1776 2747 rege
1886 2665 1977 2728 aaut.

511 2822 678 2887 Johannea
692 2824 794 2890 Holm
811 2831 902 2887 tenet
917 2826 951 2888 in
967 2827 1129 2892 Buaroan
1144 2847 1247 2892 unum
1276 2829 1479 2912 quarterium
1499 2827 1526 2910 j.
1544 2825 1567 2892 f.
1586 2847 1632 2892 m.
1657 2826 1821 2911 quondam
1847 2826 1977 2890 Roberti

469 2910 619 2990 Caranon,
634 2914 740 2975 vocati
756 2914 921 2991 Formas,
935 2913 977 2976 de
991 2917 1138 2978 manerio
1154 2915 1195 2978 de
1211 2914 1402 2993 Hederaete,
1417 2923 1452 2979 et
1467 2915 1556 2980 idem
1572 2915 1612 2977 de
1627 2935 1703 2996 rege
1787 2954 1797 2965 -
1887 2915 1977 2978 uad.

511 3075 672 3142 Walterua
687 3075 785 3153 Eion,
800 3074 966 3139 lohannes
981 3075 1082 3141 Tillea
1108 3084 1224 3142 tenent
1249 3081 1286 3141 in
1310 3079 1470 3145 Bnarouu
1493 3098 1599 3143 unum
1624 3079 1824 3164 quarterium
1850 3077 1875 3162 j.
1893 3077 1915 3142 f.
1933 3098 1977 3141 m.

469 3164 575 3226 voaati
590 3163 744 3228 Farunaa
760 3163 800 3226 de
815 3165 960 3229 manerio
975 3165 1015 3227 de
1033 3164 1221 3244 Hederaete,
1236 3173 1270 3230 et
1286 3167 1375 3231 idem
1392 3167 1430 3230 de
1446 3186 1521 3250 rege
1586 3205 1597 3216 -
1688 3203 1698 3216 -
1790 3202 1801 3214 -
1888 3165 1978 3258 unul.

514 3323 627 3391 Simon
653 3324 818 3411 Felbrigg,
844 3327 951 3404 mileo,
974 3336 1009 3390 et
1037 3329 1114 3390 socii
1147 3331 1198 3392 aui
1228 3328 1352 3392 leoffati
1381 3327 1505 3394 Thome
1535 3329 1575 3392 de
1605 3328 1705 3392 Hales
1734 3332 1847 3392 teuent
1876 3347 1979 3393 unum

469 3413 669 3494 quarterium
684 3414 708 3498 j.
725 3414 749 3478 f.
765 3435 811 3478 m.
827 3414 861 3477 in
877 3415 1088 3482 Wromuwou
1103 3416 1144 3478 de
1161 3416 1311 3480 Johanne
1326 3415 1394 3480 filio
1410 3416 1556 3494 Walteri,
1572 3422 1607 3479 et
1622 3416 1712 3480 idem
1727 3416 1766 3479 de
1781 3435 1856 3498 rege
1889 3416 1979 3480 rud.

514 3574 697 3640 Willelmus
711 3576 751 3640 de
766 3576 946 3652 Woratede‚
964 3581 1053 3659 prior
1068 3578 1185 3641 Sancte
1201 3579 1374 3642 Trinitatis
1389 3578 1541 3657 Numici,
1557 3599 1714 3642 unacum
1730 3578 1749 3641 J
1752 3574 1877 3641 ohanne
1901 3576 1980 3657 eok,

470 3659 600 3833 ἓξὲξ
610 3660 744 3801 Philipp
758 3666 923 3802 tenent-in
938 3665 1158 3803 Wronnewon
1174 3667 1219 3731 di.
1236 3668 1263 3731 f.
1280 3688 1325 3803 m.
1352 3668 1396 3804 de
1417 3664 1566 3804 Johanne
1588 3666 1657 3803 ,filio
1672 3666 1808 3803 Walter}
1835 3674 1863 3728 ei
1890 3666 1980 3814 ixdlerdn

516 3910 657 3975 Domina
681 3911 867 3997 Margareta
893 3912 1027 3990 Clifton,
1042 3913 1227 3979 Willalmua
1244 3914 1343 3991 Woll,
1366 3913 1472 3991 miles,
1494 3914 1534 3976 de
1558 3914 1629 3998 jure
1653 3914 1761 3975 uxoria
1777 3918 1881 3975 suaet
1897 3914 1983 3995 prior

472 3997 592 4061 Sancte
616 3998 788 4063 Trinitatis
813 3999 952 4062 Norwioi
978 4005 1091 4063 tenent
1116 4002 1150 4063 in
1179 4002 1366 4065 Kauanann
1391 4002 1436 4065 di.
1454 4000 1477 4066 f.
1495 4022 1540 4065 m.
1567 4002 1607 4063 de
1634 4000 1767 4063 domino
1790 3998 1933 4074 Barrus,
1948 4005 1980 4063 ei

472 4084 561 4150 idem
577 4086 617 4147 de
633 4106 707 4170 rege
777 4126 1809 4140 -----------
1899 4087 1980 4151 rtet.

516 4245 681 4311 lohannes
696 4248 766 4310 Fox
781 4254 874 4312 tenet
889 4249 922 4311 in
941 4250 1100 4315 Haoroan
1117 4270 1220 4315 unum
1235 4252 1440 4335 quarterium
1451 4251 1479 4333 j.
1497 4250 1520 4314 f.
1536 4271 1581 4316 m.
1609 4250 1772 4333 quondam
1798 4248 1983 4312 Maleherbe

474 4334 514 4396 de
529 4336 672 4399 manerio
686 4335 726 4399 de
742 4336 912 4415 Horaford,
926 4342 962 4399 et
977 4337 1066 4402 idem
1084 4339 1124 4399 de
1139 4360 1214 4423 rege
1282 4376 1802 4389 ------
1890 4358 1941 4401 xx.
1950 4336 1982 4401 d.

519 4496 661 4561 Thomna
676 4496 758 4561 Cana
772 4502 865 4562 tenet
880 4500 915 4561 in
932 4499 1106 4565 Hnuorrau
1120 4500 1167 4567 di.
1183 4499 1206 4566 f.
1225 4521 1272 4566 m.
1289 4501 1452 4585 quondam
1468 4499 1642 4565 Alexandri
1667 4498 1708 4561 da
1732 4498 1916 4582 Elyngham
1944 4499 1984 4561 de

473 4586 595 4650 oomite
610 4585 811 4665 Mareaeallo,
827 4593 862 4650 et
875 4586 965 4651 idem
982 4586 1023 4650 de
1038 4607 1115 4671 rege
1187 4626 1810 4639 -------
1899 4585 1982 4651 ald.

517 4746 659 4813 Thomna
685 4747 820 4831 Gumay
845 4754 938 4813 tenet
962 4750 996 4812 in
1025 4750 1199 4817 Hanunau
1221 4772 1326 4816 unum
1348 4752 1551 4834 quarterium
1565 4750 1589 4835 j.
1605 4748 1628 4813 s.
1644 4769 1690 4815 m.
1707 4750 1747 4814 de
1763 4750 1851 4813 dioto
1867 4752 1985 4817 comite

475 4834 673 4916 Mareeoallo,
689 4842 722 4899 et
736 4836 826 4901 idem
843 4836 883 4899 de
897 4856 973 4922 rege
1074 4877 1798 4889 --------
1888 4860 1938 4904 xx.
1947 4840 1979 4903 cl.

519 4996 659 5063 Thomas
671 4998 871 5082 Ryngstede‚
880 4998 1025 5078 clerioua,
1035 5000 1174 5064 deoanua
1190 4999 1328 5084 Collegit
1345 4998 1463 5064 Sancte
1480 5000 1583 5063 Marie
1598 4999 1638 5063 de
1651 4998 1772 5083 Campo
1783 5002 1818 5064 in
1832 4999 1987 5079 Neruico,

476 5090 570 5148 tenet
584 5086 619 5147 in
634 5085 816 5151 Bounnonr
826 5086 854 5170 j.
871 5087 894 5151 f.
912 5108 957 5151 m.
973 5093 1007 5149 et
1022 5088 1072 5172 iij.
1088 5090 1250 5172 quarteria
1266 5088 1287 5151 f.
1304 5110 1350 5153 m.
1366 5087 1406 5149 de
1422 5087 1443 5149 J
1446 5086 1572 5151 ohanne
1589 5088 1746 5167 Peverell,
1773 5100 1808 5151 et
1831 5088 1920 5152 idem
1944 5089 1984 5152 de

479 5172 598 5235 honore
613 5172 653 5235 de
670 5172 816 5251 Hatfeld,
831 5179 867 5238 at
882 5174 971 5239 idem
987 5174 1027 5238 de
1041 5194 1117 5259 rege
1167 5215 1178 5225 -
1271 5215 1282 5225 -
1374 5215 1384 5225 -
1475 5215 1485 5225 -
1576 5214 1586 5225 ·
1677 5215 1688 5225 -
1776 5174 1856 5258 xj.r.
1874 5174 1985 5261 viiju.

477 5412 498 5475 d
520 5326 690 5391 Eurtaeiua
702 5326 795 5392 Rowa
808 5335 903 5394 tenet
916 5332 952 5393 in
968 5331 1183 5397 Houuuorran
1200 5332 1244 5396 di.
1261 5331 1285 5394 f.
1300 5353 1345 5396 m.
1361 5330 1402 5394 de
1419 5330 1565 5395 manerio
1579 5328 1619 5392 de
1635 5329 1827 5408 Hederrete,
1841 5338 1875 5395 et
1896 5331 1986 5485 idlendr

499 5433 607 5499 erege
680 5454 1814 5471 ............
1902 5440 1923 5481 1
1939 5466 1946 5482 ,
1977 5470 1985 5486 ,

521 5576 682 5641 Robertua
707 5577 749 5641 de
773 5577 857 5642 Salle
881 5584 972 5645 tenet
995 5584 1032 5645 in
1047 5584 1274 5651 Wruounnau
1300 5587 1451 5667 quartam
1473 5588 1600 5665 partem
1620 5580 1986 5665 j.f.m.dewi11e1m0

477 5662 594 5727 Bokell
609 5664 744 5731 etidem
759 5666 801 5730 de
815 5668 936 5734 eomite
951 5669 1170 5736 Warennieet
1186 5672 1277 5737 idem
1293 5671 1424 5754 detege
1484 5708 1495 5720 -
1587 5708 1598 5719 ·
1690 5708 1701 5719 ·
1790 5708 1801 5721 -
1891 5669 1982 5738 rad.

520 5826 684 5891 Johannaa
699 5826 853 5910 Lethare,
870 5828 1039 5898 Johannaa
1054 5833 1248 5921 Bovyngton
1264 5840 1299 5898 et
1313 5834 1371 5898 alii
1398 5836 1515 5897 tenent
1537 5834 1572 5895 iu
1590 5831 1816 5899 Wruouumu
1839 5830 1883 5895 di.
1899 5832 1923 5897 f.
1938 5855 1984 5901 m.

479 5913 520 5982 do
535 5915 666 5983 nartallo
681 5917 721 5981 de
738 5916 880 6007 Ryssyng‚
899 5926 933 5983 et
948 5920 1037 5991 idem
1053 5923 1092 5986 de
1107 5943 1183 6014 rege
1293 5958 1812 5979 ······
1902 5920 1985 5991 xtd.
