5000 7050
591 1050 653 1115 132
1235 1047 1442 1118 LINGOLN.

631 1339 680 1404 De
694 1281 818 1405 Thcmc
832 1340 960 1405 Bcroun
972 1346 1006 1407 et
1020 1341 1233 1425 participibus
1248 1342 1316 1404 suis
1330 1342 1518 1405 tenentibus
1532 1340 1576 1406 xl.
1593 1344 1723 1425 partem
1737 1342 1762 1428 j.
1779 1341 1803 1409 f.
1818 1343 1855 1406 in
1869 1342 2059 1412 mecon.

631 1479 681 1542 Dc
711 1477 883 1563 Radulphc
912 1479 953 1542 dc
982 1478 1160 1543 Rochcford
1191 1484 1324 1543 tanente
1349 1480 1410 1565 iiij.
1434 1484 1560 1563 partem
1589 1481 1614 1565 j.
1639 1480 1662 1545 f.
1686 1482 1721 1542 in
1747 1481 1963 1560 Rimmon,
1985 1502 2082 1563 quam

589 1564 782 1650 Radulphus
796 1568 836 1629 de
850 1566 921 1631 Fen
935 1568 1098 1649 quondam
1113 1568 1233 1632 tenuit.

631 1702 680 1767 De
717 1703 882 1767 Willelmc
918 1704 959 1767 dc
997 1703 1134 1768 Bohoun
1170 1710 1206 1768 et
1243 1704 1419 1768 Edmundc
1455 1705 1496 1768 dc
1526 1703 1663 1769 Bohoun
1692 1704 1882 1769 tenentibus
1913 1725 1968 1770 un.
2001 1707 2023 1771 f.
2054 1708 2088 1769 in

587 1788 846 1877 Bn[mmc]cou,
860 1797 894 1855 et
908 1791 997 1871 alibi,
1012 1793 1099 1875 quod
1114 1792 1266 1856 Warinus
1280 1792 1435 1877 Engayne
1451 1793 1611 1875 quondam
1627 1794 1749 1858 tenuit.

589 2020 622 2077 ω
631 1928 821 2078 DctRogero
834 1929 875 1992 dc
890 1929 1001 1995 Keton
1015 1936 1150 1993 tenente
1164 1930 1208 1994 di.
1223 1930 1248 1993 f.
1266 1931 1301 1991 in
1318 1929 1436 2009 Sicim,
1451 1929 1536 2011 quod
1551 1928 1692 1993 Thomas
1708 1930 1749 1993 de
1764 1930 1908 1995 Eborccc
1923 1932 2086 2013 quondam

623 2035 680 2077 nui
700 2065 708 2080 .

589 2151 678 2306 BDe
694 2152 825 2217 Warinc
846 2150 1031 2241 [Engayne]
1052 2159 1087 2217 et
1100 2152 1274 2238 Rcdulphc
1289 2155 1328 2218 de
1344 2154 1529 2239 Qucpelade
1552 2156 1740 2219 tenentibus
1755 2156 1813 2241 vij.
1829 2158 1955 2238 partem
1970 2156 1996 2240 j.
2013 2154 2036 2220 f.
2053 2156 2087 2218 in

620 2261 804 2306 cumcmic.

630 2376 680 2440 Dc
691 2376 794 2440 Alanc
808 2377 849 2441 de
864 2375 983 2462 Seldyk
999 2383 1134 2442 tenente
1149 2400 1201 2443 xv.
1212 2382 1336 2462 partem
1350 2379 1374 2464 j.
1385 2377 1409 2444 f.
1423 2399 1521 2461 quam
1537 2376 1649 2442 Simon
1664 2377 1751 2442 filius
1762 2378 1910 2464 Philippi
1925 2380 2087 2464 quondam

587 2465 697 2527 tenuit
712 2465 748 2526 in
764 2464 842 2527 villa
857 2465 896 2528 de
911 2466 1126 2532 Bcnmcmn.

630 2600 680 2664 Dc
694 2600 865 2686 Radulpho
879 2603 921 2666 dc
935 2602 1116 2668 Rcchcfcrd
1133 2609 1266 2669 tenente
1281 2610 1430 2687 quartam
1446 2608 1575 2689 partem
1585 2605 1614 2688 j.
1625 2604 1649 2672 f.
1659 2605 1695 2667 in
1712 2604 1809 2685 Tem,
1822 2624 1920 2688 quam
1930 2604 2088 2668 Radulfus

587 2688 628 2753 dc
643 2687 712 2752 Fen
725 2691 889 2773 quondam
904 2694 1023 2757 tenuit.

630 2825 679 2889 De
705 2826 845 2890 Roberto
867 2827 1063 2912 Michegrim
1078 2834 1212 2893 iouente
1235 2829 1296 2915 iiij.
1312 2834 1437 2913 partem
1452 2831 1476 2916 j.
1494 2829 1517 2895 f.
1532 2831 1567 2894 in
1583 2828 1825 2912 wcppentachio
1839 2827 1879 2892 de
1895 2828 2086 2903 Kmmon,

586 2934 684 2997 quam
699 2913 858 2977 Radulfus
873 2916 914 2979 dc
931 2915 1001 2978 Fen
1015 2916 1178 2997 quondam
1194 2919 1314 2982 tenuit.

629 3049 679 3113 Dc
707 3051 809 3114 Lucia
837 3050 963 3116 Pecchc
987 3057 1121 3118 tenente
1147 3054 1212 3139 xvj.
1237 3061 1364 3137 partem
1393 3054 1417 3139 J'.
1445 3054 1467 3119 f.
1496 3072 1592 3137 quam
1621 3051 1787 3116 Johcnncc
1812 3051 1853 3116 de
1877 3052 2085 3136 Edelyngton

587 3138 751 3222 quondam
766 3140 884 3204 tenuit.

629 3274 679 3339 Dc
699 3275 883 3361 Margareta
906 3280 941 3340 et
954 3276 1077 3340 Thomu
1092 3277 1132 3341 de
1146 3276 1275 3342 Molton
1289 3279 1478 3343 tenentibus
1493 3279 1573 3342 duas
1589 3281 1700 3361 partes
1712 3278 1737 3364 j.
1751 3277 1774 3341 f.
1790 3278 1824 3340 in
1840 3276 1990 3354 Momoic,
2006 3296 2085 3358 quas

587 3362 779 3427 Lcmbertus
792 3364 834 3427 dc
848 3363 977 3427 Molton
991 3365 1155 3448 quondam
1170 3366 1290 3431 tenuit.

631 3498 680 3563 Dc
707 3498 904 3584 Margarcta,
932 3520 1031 3566 uxore
1055 3499 1179 3566 Thcme
1209 3502 1250 3567 dc
1280 3502 1430 3581 Gislcnd,
1458 3505 1593 3567 tenente
1617 3520 1673 3566 un.
1699 3501 1722 3566 f.
1752 3502 1787 3564 in
1818 3499 1970 3581 Hommx,
2001 3499 2088 3586 quod

586 3585 726 3651 Thomas
741 3588 782 3650 de
796 3587 924 3652 Moltcn
937 3591 1100 3674 quondam
1115 3592 1236 3656 tenuit.

633 3725 683 3794 De
697 3724 823 3811 Rogerc
837 3726 878 3790 dc
893 3727 1071 3812 Ingoldeby
1085 3733 1218 3792 tenente
1234 3727 1296 3814 iiij.
1314 3732 1441 3812 partem
1456 3728 1480 3813 j.
1496 3727 1520 3793 f.
1536 3729 1572 3790 in
1588 3727 1775 3793 Hcmccm.

632 3862 682 3925 De
697 3863 854 3947 magistro
868 3863 910 3927 dc
924 3862 1124 3948 Stykecwold
1139 3868 1274 3929 tenente
1289 3866 1331 3929 di.
1350 3865 1373 3932 f.
1389 3866 1425 3928 in
1443 3865 1561 3933 Simm.

629 3998 679 4062 De
694 3999 859 4064 Willelmo
875 4001 994 4064 Aunsel
1009 4007 1144 4066 tenente
1159 4006 1223 4066 tres
1238 4009 1346 4086 partes
1361 4007 1396 4067 et
1409 4001 1487 4088 xvij.
1503 4007 1629 4085 partem
1644 4001 1689 4065 di.
1705 4000 1728 4065 f.
1745 4000 1780 4063 in
1797 4000 1993 4078 Honnmcc,
2008 4021 2087 4084 quas

587 4086 749 4151 Robcrtus
763 4087 852 4150 filius
866 4086 1001 4152 Rcberti
1016 4089 1055 4153 de
1069 4090 1239 4174 Horblyng
1254 4091 1417 4174 quondam
1434 4092 1553 4154 tenuit.

630 4224 680 4288 De
695 4226 815 4288 comite
829 4225 998 4292 Lincolnic
1013 4234 1147 4293 tenente
1162 4229 1232 4294 v²⁸¹¹¹
1248 4236 1375 4314 partem
1390 4237 1422 4293 et-
1444 4229 1488 4294 xl.
1504 4231 1632 4311 partem
1645 4226 1669 4312 J'.
1685 4227 1707 4291 f.
1723 4245 1804 4309 quas
1819 4224 1978 4288 Robertus
2001 4224 2088 4289 filius

587 4312 721 4376 Roberbi
735 4312 776 4376 de
791 4313 962 4400 Horblyng
976 4317 1139 4398 quondam
1155 4321 1274 4383 tenuit.

633 4449 682 4513 De
707 4448 856 4514 Johmne
885 4452 925 4516 dc
950 4453 1117 4520 Albiniccc
1141 4461 1274 4520 tenente
1295 4455 1322 4539 j.
1339 4454 1361 4520 f.
1377 4459 1411 4518 et
1425 4454 1469 4518 di.
1486 4453 1519 4516 in
1545 4452 1758 4528 Bncmncon,
1785 4469 1849 4532 que
1875 4447 2022 4512 Oliverus
2047 4450 2088 4513 dc

589 4537 759 4602 Albiniaco
774 4539 936 4620 quondam
950 4543 1069 4608 tenuit.

633 4672 683 4737 De
696 4672 867 4740 heredibus
882 4677 1003 4762 Rogeri
1017 4679 1058 4742 ce
1073 4631 1220 4763 colevylc
1234 4683 1369 4744 tenente
1383 4678 1427 4742 ci.
1443 4678 1465 4740 f.
1482 4681 1516 4741 et
1533 4675 1594 4762 iiij.
1612 4679 1739 4758 partem
1753 4674 1778 4760 j.
1795 4674 1818 4738 f.
1834 4673 1869 4736 in
1885 4673 2085 4754 mmmm

591 4780 655 4843 que
670 4761 821 4826 Warinus
837 4766 976 4850 Engayn
991 4767 1154 4850 quondam
1170 4769 1291 4832 tenuit.

633 4896 901 5052 Dedfflnege
915 4902 1026 4968 Blitcn
1041 4908 1173 4969 tenente
1188 4905 1233 4970 di.
1251 4906 1274 4970 f.
1290 4906 1325 4967 in
1341 4905 1543 4978 mefflm,
1558 4898 1642 4984 quod
1658 4897 1822 4962 Jchanncs
1847 4897 1934 4962 filius
1958 4896 2089 4962 Osbcrti

590 5005 674 5069 quon
803 5009 886 5055 nui.

556 5124 558 5127 ’
591 5123 847 5276 teDctGrilbcrtc
860 5127 891 5191 lo
905 5126 989 5192 Blak
1005 5133 1138 5194 tenente
1153 5131 1198 5196 di.
1209 5129 1233 5196 f.
1249 5131 1284 5194 in
1301 5129 1414 5194 eadem
1429 5127 1516 5211 quod
1531 5124 1651 5191 Oecilic
1664 5124 1705 5188 de
1721 5120 1909 5187 Ledenham
1924 5123 2088 5206 quondam

625 5232 684 5275 nm
701 5262 709 5278 .

631 5348 683 5413 De
712 5349 859 5415 Gclfridc
886 5351 1031 5418 Bretoun
1061 5361 1195 5421 tenente
1226 5355 1269 5441 vj.
1301 5361 1428 5438 partem
1461 5372 1514 5417 un.
1545 5351 1567 5414 f.
1597 5367 1695 5433 quam
1726 5346 1894 5411 Galsridus
1919 5344 1960 5410 dc
1987 5344 2089 5410 Boscc

590 5437 752 5521 quondam
767 5441 887 5505 tenuit.

630 5572 678 5638 Dc
693 5576 849 5659 magistro
863 5577 985 5642 milicie
998 5579 1128 5664 Templi
1152 5585 1286 5645 tenente
1311 5580 1445 5644 terciam
1472 5580 1596 5658 partem
1621 5591 1677 5638 un.
1695 5572 1718 5636 f.
1736 5591 1779 5638 m.
1795 5589 1894 5653 quam
1918 5568 2086 5654 predictus

590 5659 755 5725 Gclfridus
769 5663 810 5726 dc
824 5663 926 5728 Bosco
941 5668 1104 5750 quondam
1118 5669 1237 5734 tenuit.

632 5798 682 5864 Dc
706 5798 852 5866 Johannc
874 5804 916 5867 de
943 5804 1148 5871 Scadcworth
1173 5811 1311 5871 tenente
1327 5813 1391 5871 trec
1406 5809 1518 5888 parics
1532 5811 1566 5865 et
1581 5799 1650 5885 viij.
1667 5803 1791 5881 parbem
1803 5795 1832 5880 j.
1852 5796 1876 5861 i.
1891 5796 1927 5860 in
1941 5795 2088 5875 chx,

590 5905 669 5968 quac
684 5885 796 5951 Simon
811 5891 852 5958 de
867 5891 977 5977 Burgc
991 5895 1154 5978 quondam
1168 5895 1289 5959 tenuit.
