5000 7050
1067 1086 1151 1151 tl).
1176 1090 1270 1152 1308.

467 1378 512 1441 De
526 1378 662 1443 Orberto
673 1380 716 1445 de
731 1378 938 1465 Skylyngton
952 1385 1086 1445 tenente
1101 1382 1145 1463 vj.
1161 1387 1290 1466 partem
1301 1380 1329 1465 j.
1346 1383 1370 1448 f.
1389 1383 1422 1445 in
1440 1377 1573 1446 eadem.'

466 1514 512 1579 De
526 1515 680 1601 Philippo
693 1518 735 1582 de
749 1518 855 1602 Nevyl
867 1524 1005 1584 tenente
1018 1540 1075 1587 un.
1092 1519 1116 1585 f.
1133 1525 1168 1584 et
1182 1517 1244 1606 iiij.
1261 1525 1389 1604 purtem
1404 1519 1428 1604 j.
1444 1520 1468 1585 f.
1484 1521 1520 1583 in
1538 1520 1694 1586 Scorrorr.

467 1654 513 1717 De
528 1654 670 1719 Henrioo
685 1656 725 1721 de
739 1655 888 1721 Kendele
902 1661 1037 1723 tenente
1052 1657 1114 1746 iiij.
1130 1663 1257 1742 partem
1272 1659 1298 1746 j.
1314 1659 1338 1724 f.
1355 1660 1390 1721 in
1407 1656 1553 1725 Tuom.

466 1791 513 1855 De
527 1792 645 1857 Emma
660 1794 701 1857 de
716 1794 821 1878 Nevyl
835 1800 969 1859 tenente
984 1796 1030 1860 di.
1046 1794 1070 1861 f.
1087 1798 1122 1858 in
1139 1796 1287 1865 Gnfflffl.

467 1929 511 1994 De
524 1931 689 1995 Willelmo
704 1932 883 1997 Hellebern
899 1938 1033 1998 tenente
1047 1955 1078 1999 v.
1094 1938 1222 2017 partem
1233 1933 1261 2018 j.
1278 1937 1302 2000 f.
1317 1936 1353 1997 in
1368 1934 1557 2001 Υοιιιιοιιι.

466 2065 512 2128 De
527 2066 657 2131 Olivero
672 2068 713 2132 de
726 2068 949 2134 Hibaldeetow
964 2074 1099 2134 tenente
1110 2070 1139 2156 j.
1156 2070 1180 2137 f.
1195 2071 1230 2132 in
1245 2070 1373 2135 eedem.

466 2202 512 2267 De
526 2205 645 2269 herede
659 2206 790 2271 Riderdi
805 2206 921 2294 Boysel
935 2213 1069 2274 tenente
1083 2208 1130 2274 di.
1147 2209 1170 2274 f.
1186 2211 1223 2273 in
1237 2209 1362 2275 eedem.

467 2340 512 2404 De
528 2343 671 2408 Waltero
686 2344 727 2409 de
742 2345 917 2430 Wyldeker
931 2351 1062 2412 tenente
1077 2348 1122 2412 ix.
1138 2352 1248 2432 parter
1263 2347 1310 2414 di.
1326 2348 1349 2413 f.
1366 2348 1401 2411 in
1419 2348 1618 2413 Mitrrrrorr.

468 2479 515 2543 De
529 2480 645 2546 herede
660 2483 820 2547 willelmi
834 2485 875 2550 de
889 2485 1010 2550 Holme
1024 2489 1159 2551 tenente
1174 2490 1240 2551 tres
1254 2490 1361 2570 parter
1375 2486 1400 2572 j.
1417 2485 1441 2551 f.
1456 2487 1492 2549 in
1508 2486 1644 2551 Hotirrr.

469 2616 514 2679 De
529 2617 669 2682 Roberto
682 2620 723 2685 de
738 2621 967 2707 Raventhorpe
983 2628 1119 2689 tenente
1134 2621 1197 2709 iiij.
1213 2626 1341 2707 partem
1352 2622 1382 2706 j.
1398 2623 1421 2686 s.
1438 2624 1473 2685 in
1489 2623 1742 2688 Rrvrrrnorpr.

469 2752 514 2817 De
527 2756 656 2841 Agneta
671 2756 712 2819 de
729 2756 855 2823 Waleot
869 2764 1002 2823 tenente
1018 2759 1079 2846 iiij.
1096 2766 1204 2844 perter
1214 2761 1242 2845 j.
1259 2761 1283 2827 f.
1299 2762 1334 2824 in
1350 2760 1500 2829 Wrmor.

820 3059 935 3125 Feonr
957 3058 1282 3127 DUNOLMENSIS
1305 3056 1522 3126 EPISOOPI.

466 3219 513 3282 De
529 3220 695 3284 Willelmo
720 3219 876 3286 Carbone]
899 3241 958 3307 pro
981 3221 1044 3308 iiij.
1069 3227 1161 3306 perte
1183 3221 1210 3306 j.
1226 3222 1251 3288 f.
1275 3242 1320 3289 m.
1344 3241 1443 3306 quam
1467 3220 1625 3284 Robertur
1649 3216 1763 3303 Ooffyn
1793 3218 1919 3296 (rectius

423 3304 537 3390 coryn)
554 3308 717 3391 quondam
733 3309 840 3373 tenuit
853 3311 889 3373 in
903 3309 1069 3377 Βιιιοιιιιι.

465 3444 513 3508 De
537 3445 662 3510 Thome
686 3447 727 3510 de
752 3446 871 3512 Sancto
886 3446 999 3510 Laudo
1015 3468 1072 3532 pro
1086 3447 1130 3511 di.
1146 3446 1170 3513 f.
1186 3450 1320 3530 exeepte
1334 3445 1419 3534 xijm
1436 3445 1579 3532 partein
1597 3444 1817 3521 Gorrwrrtmrr,
1832 3440 1919 3524 quod

425 3532 580 3598 Robertue
596 3533 709 3619 Goffyn
728 3539 854 3615 (rectiue
870 3535 986 3620 coryn)
1002 3535 1167 3620 quondam
1182 3538 1304 3602 tenuit.

465 3671 515 3735 De
528 3673 643 3736 abbate
658 3672 698 3736 de
713 3672 853 3737 Newebo
866 3693 924 3756 pro
938 3673 995 3758 xij.
1013 3680 1104 3756 parte
1119 3672 1261 3756 predicti
1276 3672 1322 3738 di.
1338 3672 1362 3739 f.
1378 3673 1414 3735 in
1428 3671 1553 3738 eedem.

425 3810 550 3962 toDetJ
551 3811 678 3875 ohanne
692 3809 796 3875 Wake
810 3831 868 3894 pro
881 3811 927 3875 di.
943 3811 967 3876 f.
982 3812 1019 3873 in
1035 3803 1203 3888 Krrmnr,
1218 3811 1305 3894 quod
1320 3809 1488 3874 Gelfridus
1502 3809 1543 3872 de
1559 3807 1738 3872 Ereremue
1754 3806 1919 3892 quondam

458 3919 516 3960 nur
534 3948 542 3963 .
1071 3961 1074 3965 .
1662 3911 1670 3924 '

465 4035 513 4098 De
530 4035 671 4098 Wdtero
697 4035 739 4098 de
763 4034 880 4119 Oeevyl
905 4041 940 4100 et
953 4035 1059 4118 priore
1073 4034 1114 4098 de
1129 4034 1321 4119 Spaldyngg
1334 4053 1392 4118 pro
1407 4033 1510 4097 tercia
1524 4037 1616 4116 perte
1627 4032 1655 4118 j.
1672 4033 1695 4098 f.
1711 4033 1746 4095 in
1762 4032 1924 4098 Krrrrrrrnr

424 4127 458 4186 et
471 4124 623 4202 Evrrnorr,
637 4122 724 4207 quod
739 4122 901 4187 Henrieur
914 4123 956 4186 de
970 4123 1202 4207 Heringgeeert
1215 4123 1378 4206 quondam
1393 4122 1502 4184 tenuit
1517 4123 1552 4184 in
1567 4119 1691 4184 eisdem
1705 4119 1803 4190 villis.

466 4261 513 4325 De
528 4260 689 4324 Robertue
703 4259 816 4345 Coffyn
834 4263 960 4338 (rectius
975 4257 1092 4343 Cotyn)
1110 4259 1244 4346 prom]
1260 4263 1352 4343 parte
1372 4257 1401 4342 j
1417 4257 1440 4323 f.
1457 4277 1503 4324 m.
1528 4259 1564 4321 in
1591 4258 1809 4336 Pindwomrr,
1836 4255 1922 4339 quod

427 4347 581 4412 Robertue
597 4345 709 4432 Ooffyn
728 4349 855 4426 (rectius
870 4346 987 4432 Cotyn)
1003 4348 1168 4430 quondam
1181 4349 1293 4410 tenuit
1306 4347 1343 4411 in
1356 4347 1491 4413 eisdem.

464 4485 513 4549 De
541 4485 681 4550 Henrioo
706 4483 747 4548 de
773 4484 883 4568 Bayue
906 4506 963 4568 pro
979 4483 1040 4570 iiij.
1055 4500 1148 4570 perte
1162 4484 1233 4569 viij.
1249 4491 1342 4568 parte
1357 4488 1392 4548 et
1407 4483 1451 4550 lx.
1467 4487 1559 4567 parte
1573 4483 1598 4567 j.
1614 4482 1638 4548 f.
1655 4483 1689 4545 in
1705 4482 1923 4558 Kdnmdrorr,

424 4574 508 4656 quod
522 4572 705 4637 Willelmue
719 4573 761 4635 de
776 4570 883 4655 Bayue
898 4581 932 4636 et
947 4570 1110 4637 lohannes
1124 4573 1165 4635 de
1182 4570 1284 4636 Coton
1300 4577 1489 4636 tenuerunt.

465 4715 514 4776 De
527 4712 645 4776 abbate
659 4711 701 4775 de
716 4708 901 4795 Kyrkeeted
917 4730 974 4794 pro
988 4711 1032 4776 lx.
1048 4719 1140 4794 parte
1154 4711 1293 4794 predicti
1307 4707 1331 4776 f.
1347 4715 1484 4792 excepte
1499 4723 1587 4772 noco.
1602 4713 1704 4790 parte.

467 4839 514 4904 De
528 4844 634 4924 priore
650 4844 690 4907 de
704 4843 910 4930 Alvyngham
924 4866 982 4930 pro
996 4847 1042 4913 di.
1058 4849 1082 4914 f.
1098 4846 1235 4931 predioti
1250 4845 1275 4913 f.
1292 4847 1326 4909 in
1343 4845 1466 4910 eadem.

467 4979 514 5043 De
527 4978 645 5046 abbate
660 4981 700 5045 de
714 4982 815 5048 Pereo
830 4983 921 5048 Lude
936 5005 993 5067 pro
1006 4985 1072 5068 xvj.
1088 4989 1181 5068 parte
1196 4985 1278 5049 dicti
1293 4985 1317 5051 f.

467 5116 514 5180 De
526 5118 659 5183 domino
673 5141 750 5204 rege
763 5141 822 5204 pro
836 5121 934 5206 xxxij.
950 5080 1043 5207 parte
1058 5124 1198 5209 predioti
1214 5123 1237 5190 f.

468 5255 517 5318 De
531 5254 681 5318 Johenne
697 5256 787 5323 Beek
802 5265 836 5323 et
849 5257 996 5324 Johanne
1011 5262 1052 5325 de
1066 5260 1262 5346 Haryngton
1278 5280 1336 5344 pro
1345 5259 1374 5343 j.
1389 5258 1414 5324 f.
1430 5259 1466 5321 in
1481 5259 1658 5325 Fotrrrnr
1682 5264 1716 5321 et
1742 5257 1924 5326 Oxndouurr

429 5343 509 5420 (ric),
522 5342 609 5425 quod
624 5342 724 5429 Hugo
737 5347 911 5412 Armenter
924 5348 1086 5432 quondam
1100 5350 1221 5414 tenuit.

468 5479 515 5545 De
538 5483 711 5569 Hospitale
734 5484 949 5569 Leproeorum
974 5494 1067 5552 extra
1088 5487 1294 5551 Lineolniam
1320 5503 1378 5568 pro
1393 5483 1454 5569 iiij.
1469 5487 1562 5567 perte
1572 5481 1600 5564 j.
1617 5480 1641 5548 f.
1656 5481 1744 5564 quod
1759 5481 1925 5564 predictus

427 5567 522 5654 Hugo
535 5572 699 5654 quondam
715 5575 836 5638 tenuit.

466 5705 516 5771 De
537 5711 643 5793 priore
668 5711 710 5775 de
733 5710 922 5795 Bolyngton
944 5732 1002 5796 pro
1016 5711 1078 5797 iiij.
1094 5719 1186 5796 perte
1209 5713 1233 5798 j.
1248 5711 1273 5778 f.
1294 5711 1330 5773 in
1353 5706 1507 5792 predictis
1533 5705 1629 5786 villis,
1645 5705 1731 5790 quod
1760 5704 1925 5789 predictus

427 5790 524 5879 Hugo
537 5797 700 5880 quondam
715 5800 834 5868 tenuit.

468 5929 515 5994 De
528 5934 642 5999 abbate
655 5934 697 5998 de
712 5934 897 6021 Kyrlrerted
912 5958 971 6022 pro
985 5938 1046 6024 iiij.
1061 5943 1154 6020 perte
1167 5937 1250 6000 dieti
1267 5935 1290 6001 f.
1306 5935 1342 5997 in
1357 5930 1479 5994 eisdem
1495 5929 1594 5993 villis.
