5000 7050
546 1062 610 1127 412
837 1134 842 1143 ‚
1185 1052 1405 1123 Nossuouu.

591 1349 748 1413 Robertue
784 1349 825 1412 de
861 1348 1022 1427 Denhem,
1052 1348 1236 1412 Willelmue
1273 1350 1314 1413 de
1350 1346 1586 1425 Threndeston,
1621 1346 1780 1411 Ricardus
1809 1346 1983 1408 Aveneuut
2013 1348 2045 1407 et

545 1438 789 1609 qsqqendaeririeegqi
804 1440 922 1500 tenent
934 1437 969 1499 iu
986 1435 1099 1501 eedem
1114 1456 1218 1499 unum
1232 1436 1435 1521 quarterium
1452 1434 1541 1499 feodi
1556 1434 1597 1499 de
1612 1432 1755 1499 Roberto
1772 1432 1840 1496 filio
1851 1432 2000 1511 Walteri,
2011 1444 2045 1495 et

546 1749 567 1813 d
589 1661 769 1726 Petronille
782 1662 822 1725 de
837 1661 993 1726 Neresord
1009 1665 1101 1726 tenet
1114 1662 1151 1724 in
1166 1660 1344 1728 Turnerou
1356 1659 1383 1744 j.
1399 1660 1421 1726 f.
1438 1681 1483 1725 m.
1495 1660 1537 1724 de
1551 1660 1672 1725 comite
1689 1658 1891 1735 Mareecello,
1907 1662 1942 1721 et
1957 1656 2042 1721 idem

569 1771 586 1813 e
600 1769 688 1834 rege.

590 1886 746 1951 Ricardue
771 1887 812 1951 de
838 1885 994 1951 Theretou
1020 1891 1113 1950 tenet
1138 1887 1173 1949 in
1199 1885 1313 1950 eadem
1338 1906 1441 1950 unum
1464 1886 1667 1970 quarterium
1690 1883 1777 1948 feodi
1792 1883 1832 1947 de
1848 1882 1990 1947 Roberto
2004 1883 2044 1947 dc

547 1974 693 2052 Shelt0n‚
707 1979 743 2039 et
756 1974 844 2038 idem
859 1973 900 2037 de
915 1973 1057 2039 Roberto
1070 1974 1111 2037 de
1125 1974 1310 2051 Teteshole,
1325 1978 1361 2038 et
1375 1974 1465 2037 idem
1480 1974 1519 2037 de
1534 1992 1621 2059 rege.
1733 2058 1740 2073 Ι

589 2114 728 2177 Thomas
753 2113 794 2176 de
820 2108 954 2174 Camere
976 2116 1067 2175 tenet
1091 2112 1127 2173 iu
1152 2112 1321 2178 Wmeuou
1345 2109 1391 2175 di.
1408 2108 1431 2175 f.
1448 2110 1488 2173 de
1503 2110 1627 2173 Thoma
1641 2109 1680 2173 de
1696 2106 1893 2188 Ireukenorq
1909 2112 1945 2171 et
1958 2106 2043 2173 idem

544 2200 584 2265 de
599 2201 719 2264 comite
733 2198 934 2279 Mareecallc,
950 2205 985 2261 et
1000 2198 1088 2262 idem
1102 2198 1142 2261 de
1155 2218 1241 2283 rege.

588 2337 744 2401 Ricarduc
758 2336 798 2401 de
813 2335 916 2401 Breue
929 2341 1021 2401 tenet
1036 2336 1070 2398 in
1087 2334 1231 2402 Muurou
1246 2334 1292 2399 di.
1310 2334 1333 2397 f.
1348 2332 1389 2397 de
1404 2332 1493 2397 dicto
1508 2333 1639 2410 comite,
1654 2337 1690 2397 et
1704 2330 1793 2397 idem
1807 2331 1847 2395 de
1862 2352 1947 2417 rege.

588 2474 738 2539 Olirerus
753 2475 793 2537 de
809 2473 959 2537 Redhem
974 2477 1067 2538 tenet
1081 2474 1116 2538 in
1130 2472 1243 2537 eedem
1260 2470 1325 2555 xvj.
1342 2474 1468 2554 partem
1479 2468 1507 2554 j.
1524 2468 1546 2536 f.
1562 2467 1603 2534 de
1619 2470 1708 2535 dicto
1730 2468 1879 2551 Ricardo,
1901 2474 1936 2533 et
1956 2467 2044 2532 idem

544 2563 586 2626 de
601 2561 742 2627 Roberto
756 2562 826 2626 filio
840 2561 975 2627 Welteri
990 2565 1025 2625 et
1040 2560 1129 2625 idem
1143 2560 1185 2625 de
1200 2578 1287 2643 rege.

588 2694 702 2761 Comes
715 2696 924 2760 Mareecellue
939 2700 1029 2760 tenet
1045 2695 1228 2758 manerium
1243 2694 1284 2757 de
1300 2692 1498 2760 Fouuusumr
1514 2712 1589 2756 cum
1609 2692 1822 2777 pertinenciis
1847 2691 1888 2755 de
1914 2690 2044 2756 domino

543 2804 628 2869 rege,
645 2804 703 2867 pro
717 2790 839 2869 quanto
854 2784 941 2848 feodi
957 2788 1016 2847 eut
1032 2802 1088 2866 per
1103 2781 1190 2868 quod
1205 2782 1380 2846 servicium
1395 2781 1573 2864 ignoretur.

587 2920 755 2985 Joheunee
791 2920 912 3005 Germy
942 2925 1036 2985 tenet
1072 2920 1107 2983 in
1145 2920 1261 2983 eadem
1291 2918 1466 2983 dimidium
1503 2918 1703 3003 quarterium
1733 2917 1819 2983 feodi
1848 2917 1888 2981 de
1924 2918 2043 2981 comite

545 3008 750 3089 Mareecello‚
765 3014 800 3071 et
814 3008 904 3072 idem
918 3008 960 3072 de
974 3028 1061 3092 rege.
1561 3040 1565 3049 ·

543 3231 563 3295 d
588 3143 700 3209 Comes
715 3144 921 3209 Mereecullue
936 3148 1027 3209 tenet
1035 3146 1076 3231 ,5¹¹
1092 3145 1325 3213 Tucomtueuou
1337 3145 1364 3229 j.
1381 3145 1406 3208 f.
1423 3143 1464 3208 de
1480 3143 1621 3210 Roberto
1644 3144 1711 3208 filio
1728 3143 1874 3223 walteri,
1897 3147 1931 3206 et
1955 3142 2042 3207 idem

566 3254 583 3297 e
597 3253 684 3317 rege.

587 3369 608 3434 J
609 3369 749 3433 ohannes
763 3370 804 3433 de
819 3368 965 3434 Uvedele
979 3373 1073 3435 tenet
1089 3372 1124 3434 iu
1139 3370 1250 3434 ecdem
1266 3370 1290 3456 j.
1301 3370 1326 3438 f.
1342 3368 1383 3434 de
1398 3370 1519 3436 comite
1535 3330 1737 3449 Mereecello¹
1752 3374 1786 3433 et
1801 3367 1888 3433 idem
1902 3368 1944 3433 de
1958 3388 2041 3455 rege.

588 3523 786 3589 Benedictus
814 3523 854 3589 <10
883 3493 1039 3605 uitem,
1066 3524 1223 3590 eotenus
1252 3524 1345 3604 suot,
1374 3521 1531 3590 ereneus
1557 3524 1598 3589 ue
1624 3524 1810 3604 romeam,
1839 3522 1979 3588 Maurus
2003 3523 2042 3588 ue

543 3610 653 3696 Thorp
677 3616 712 3676 et
727 3613 906 3697 perceuarii
928 3614 980 3676 eui
1001 3618 1116 3678 tenent
1130 3614 1166 3677 in
1181 3613 1294 3678 eadem
1303 3613 1332 3697 j.
1349 3613 1371 3680 i.
1385 3611 1427 3678 de
1442 3611 1611 3698 Aruulpho
1625 3614 1667 3678 de
1682 3612 1890 3697 Mouuteney,
1907 3620 1942 3676 et
1955 3611 2042 3676 idem

542 3698 585 3763 de
598 3699 739 3765 Rcberto
753 3699 822 3764 filio
836 3699 985 3778 Walteri,
999 3707 1035 3765 et
1049 3701 1137 3766 idem
1151 3700 1193 3765 de
1208 3721 1296 3786 rege.

583 3848 605 3913 J
606 3849 749 3915 chunnee
763 3849 804 3914 de
818 3851 928 3937 Thorp
942 3856 1037 3917 tenet
1050 3853 1086 3915 iu
1102 3851 1335 3920 Fuuuuuuuuu
1346 3849 1373 3936 j.
1388 3851 1412 3916 t.
1426 3851 1468 3916 de
1482 3853 1604 3918 comite
1619 3849 1825 3932 Mereecello,
1840 3855 1876 3916 et
1889 3850 1980 3916 idem
2001 3850 2042 3914 de

542 3957 629 4022 rege.

585 4075 680 4141 Idem
696 4074 859 4142 Johannee
873 4082 964 4141 tenet
979 4078 1014 4140 iu
1031 4078 1145 4146 Tuom
1161 4079 1185 4163 j.
1203 4077 1226 4142 f.
1244 4077 1284 4142 de
1300 4075 1443 4144 Roberto
1457 4077 1526 4141 filio
1541 4076 1672 4163 Rogeri‚
1687 4081 1721 4142 et
1735 4077 1824 4141 idem
1838 4075 1878 4140 de
1891 4097 1976 4162 rege.

585 4223 742 4290 Ricerdue
757 4226 787 4289 le
802 4226 888 4311 Grey
901 4233 936 4290 et
949 4229 1132 4312 perecuerii
1148 4227 1198 4291 eui
1214 4229 1328 4293 teuent
1341 4227 1377 4294 iu
1393 4228 1553 4295 Hueurou
1569 4248 1672 4291 uuum
1687 4227 1886 4312 quarterium
1901 4225 1988 4292 feodi
2003 4227 2042 4290 de

541 4312 721 4378 Petronillc
734 4313 773 4377 de
788 4311 956 4393 Nerefcrd,
971 4321 1006 4379 et
1020 4313 1134 4378 eudem
1149 4315 1188 4379 de
1203 4318 1325 4379 comite
1340 4315 1539 4392 Mareecallo,
1554 4321 1589 4380 ct
1603 4317 1690 4379 idem
1706 4317 1848 4400 detege.

585 4465 747 4530 Walterue
772 4467 813 4531 de
839 4466 929 4532 Rede
953 4473 1045 4533 tenet
1067 4470 1104 4534 in
1131 4469 1305 4537 Gmueuou
1332 4488 1434 4533 unum
1460 4470 1661 4554 quarterium
1677 4467 1762 4534 feodi
1777 4469 1818 4533 de
1833 4467 1960 4555 Rogero
1975 4468 2043 4532 filio

541 4552 681 4631 otberti,
695 4560 728 4618 et
744 4554 833 4618 idem
847 4554 889 4621 de
903 4557 1022 4620 comite
1039 4555 1239 4637 Mereecallo,
1255 4564 1289 4622 et
1304 4557 1392 4621 idem
1407 4559 1448 4621 de
1462 4575 1549 4641 rege.

562 4698 686 4850 ιΙῇὲιΙοο
695 4699 861 4850 dBenyerd
885 4707 975 4768 tenet
988 4703 1024 4768 iu
1038 4703 1229 4771 Bouuweuu
1244 4703 1309 4768 tria
1324 4703 1484 4790 quarteria
1499 4701 1585 4767 feodi
1601 4703 1641 4767 de
1656 4702 1798 4768 Roberto
1813 4703 1881 4767 filio
1898 4703 2042 4780 Wolteri,

542 4807 559 4850 e
592 4807 680 4851 rem
716 4807 836 4874 eroge.

584 4939 730 5024 Rogerue
745 4939 831 5004 filine
847 4940 976 5007 Oeberti
992 4948 1085 5007 tenet
1099 4944 1134 5006 in
1149 4944 1262 5008 eedem
1272 4943 1301 5027 j.
1317 4943 1341 5009 s.
1353 4943 1393 5007 de
1405 4943 1523 5007 comite
1536 4942 1738 5023 Mereecallo,
1749 4949 1782 5007 et
1797 4943 1884 5008 idem
1899 4944 1940 5008 de
1955 4964 2041 5040 rege

583 5091 768 5156 Willelmus
784 5092 825 5156 de
841 5091 987 5158 Beeevile
1002 5100 1096 5159 tenet
1109 5095 1145 5160 iu
1159 5095 1271 5160 eedem
1287 5094 1333 5162 di.
1350 5096 1372 5160 f.
1389 5094 1430 5160 de
1457 5093 1648 5161 Certantino
1672 5095 1711 5160 de
1731 5095 1866 5161 Mortuo
1887 5097 1983 5176 Muri,
2008 5103 2042 5162 et

541 5180 628 5244 idem
644 5179 684 5245 de
698 5181 819 5245 comite
835 5180 1035 5263 Werreunie‚
1050 5190 1084 5248 et
1098 5203 1206 5248 eomes
1222 5183 1264 5248 de
1279 5203 1361 5270 rege.

585 5335 742 5400 Ricardue
777 5334 948 5422 Shimyng,
978 5337 1118 5402 Thomas
1156 5337 1196 5402 de
1237 5337 1381 5418 Camere,
1416 5339 1503 5422 prior
1533 5335 1763 5403 monachorum
1792 5337 1978 5406 Theffordie
2008 5346 2043 5406 et

539 5425 716 5506 perceuerii
741 5425 793 5487 eui
818 5432 934 5490 teuent
958 5427 993 5490 iu
1019 5427 1189 5493 Aemouou
1213 5427 1259 5491 di.
1275 5427 1298 5492 f.
1316 5426 1357 5490 de
1381 5425 1519 5490 Ricardo
1537 5425 1569 5490 lo
1585 5424 1699 5504 Breue,
1714 5432 1749 5490 et
1762 5425 1852 5492 idem
1866 5427 1907 5492 de
1923 5430 2041 5493 comite

540 5509 740 5592 Mereecello,
756 5517 790 5575 et
804 5511 892 5576 idem
907 5513 947 5576 de
963 5533 1052 5597 rege.

540 5749 560 5813 d
582 5661 742 5727 Rudultue
756 5661 902 5728 Malerbe
916 5669 1010 5729 tenet
1024 5665 1059 5728 in
1083 5665 1249 5734 Srmrrou
1269 5665 1296 5750 j.
1311 5664 1334 5732 f.
1352 5670 1387 5730 et
1401 5665 1446 5730 di.
1474 5664 1515 5729 de
1538 5665 1688 5750 episcopo
1713 5665 1874 5753 Norwyci,
1897 5675 1933 5732 ct
1953 5667 2042 5734 idem

562 5770 580 5813 e
595 5771 682 5835 rege.

583 5885 745 5952 Robcrtue
759 5888 937 5975 Eeturmyu
952 5897 1045 5957 tenet
1059 5892 1094 5955 iu
1109 5891 1221 5956 eedem
1236 5891 1262 5979 j.
1280 5891 1303 5956 f.
1320 5891 1359 5998 de
1374 5890 1462 5956 dicto
1476 5891 1638 5976 episcopo,
1653 5898 1688 5957 et
1702 5892 1791 5957 idem
1806 5893 1845 5958 de
1860 5913 1947 5981 rege.
