5000 7050
1129 1068 1211 1138 A.D.
1236 1074 1332 1139 1428.
1449 1089 1472 1115 ¹⁹
1909 1082 1973 1147 339

518 1348 660 1419 Ecclesia
677 1314 795 1423 Siucrr
811 1357 1003 1426 Onauuurrs
1018 1359 1164 1446 ejusdem
1180 1362 1275 1447 burgi
1289 1363 1375 1427 valet
1391 1369 1492 1431 etc·
1582 1406 1593 1417 -
1683 1407 1694 1417 -
1784 1406 1796 1419 ·
1884 1390 1972 1435 xxc.

519 1491 663 1557 Ecclesia
679 1496 797 1562 tlsucm
812 1496 952 1563 Aunaan
967 1498 1112 1583 ejusdem
1128 1500 1223 1585 burgi
1240 1501 1325 1565 valet
1342 1508 1404 1567 etc.
1499 1544 1510 1555 ·
1600 1545 1611 1555 -
1702 1545 1713 1556 -
1801 1504 1971 1589 iiij.mcrc.

518 1628 604 1690 Item
619 1629 733 1693 dicunt
747 1632 832 1714 quod
847 1634 882 1695 in
897 1632 1046 1716 parochia
1059 1636 1193 1699 ecclesie
1210 1638 1330 1704 Sanorr
1347 1639 1514 1706 Sarranum
1528 1639 1674 1723 ejusdem
1690 1640 1783 1724 burgi
1807 1661 1872 1704 non
1895 1647 1971 1705 sunt

472 1714 582 1884 pppespp
607 1715 826 1782 inhabitantes
851 1721 1015 1784 domicilia
1040 1727 1199 1803 tenentes,
1215 1726 1257 1787 de
1282 1726 1398 1810 quibus
1423 1726 1556 1809 aliquod
1579 1727 1760 1791 subsidium
1786 1730 1856 1813 regi
1872 1728 1971 1792 levari
2005 1816 2012 1823 ἱ

406 1926 410 1935 ’
518 1939 557 2001 In
572 1940 666 2026 cnjus
681 1943 728 2006 rei
744 1945 969 2009 testimonium
984 1950 1045 2013 etc.

785 2376 914 2443 Orvrrss
937 2377 1180 2445 LINCOLNIE
1206 2399 1273 2444 coar
1296 2400 1469 2446 susumus
1493 2400 1654 2447 monnau.

515 2532 690 2619 compotus
715 2536 846 2600 Ricardi
872 2539 1048 2618 Marmiuu,
1075 2541 1228 2604 Willelmi
1253 2540 1367 2619 Coton,
1393 2542 1549 2606 Willelmi
1578 2542 1715 2625 Bayous,
1748 2548 1783 2605 et
1811 2540 1971 2606 Johannis

473 2620 589 2707 Derby,
615 2624 831 2704 cardemaker,
854 2626 1062 2691 collectorum
1089 2632 1157 2691 tam
1184 2630 1355 2714 cujusdam
1382 2628 1517 2692 subsidii
1541 2629 1612 2714 ijs.
1640 2630 1680 2693 de
1710 2628 1970 2693 inhabitantibus

473 2710 638 2774 domicilia
663 2712 848 2777 tenentibus
874 2714 1050 2798 cujuslibet
1073 2716 1222 2797 parochie
1248 2717 1332 2778 infra
1357 2718 1525 2779 civitatem
1552 2717 1737 2782 prucorum
1760 2723 1795 2778 et
1816 2716 1971 2780 suburbia

471 2797 615 2882 eJ‘usdem
640 2797 821 2863 inhabitate
846 2801 1021 2864 dummodo
1048 2803 1083 2863 in
1106 2802 1222 2866 eadem
1248 2801 1399 2886 parochia
1422 2804 1534 2867 decem
1560 2804 1780 2866 inhabitantes
1806 2803 1971 2865 domicilia

472 2890 622 2948 tenentes
647 2886 799 2965 existant,
823 2888 916 2974 cnjus
941 2889 1076 2952 ecclesia
1100 2889 1215 2953 valoris
1240 2892 1343 2953 annui
1369 2891 1487 2974 viginti
1517 2891 1691 2954 solidorum
1723 2890 1845 2970 existit,
1871 2910 1968 2973 quam

473 2970 639 3054 cujusdam
654 2972 791 3036 subsidii
806 2975 850 3059 vj.
860 2998 887 3041 s.
905 2974 974 3060 viij.
986 2976 1017 3040 d.
1037 2980 1104 3055 (etc.
1121 2987 1151 3041 to
1169 2978 1217 3041 the
1232 3000 1318 3041 same
1334 2980 1421 3060 effect
1435 3001 1472 3043 aa
1487 2978 1613 3062 before).

516 3111 620 3174 Iidem
648 3111 797 3175 reddunt.
817 3120 1003 3195 compotum
1033 3114 1072 3177 de
1103 3114 1171 3199 viij.
1184 3115 1219 3181 li.
1247 3115 1313 3180 xix.
1326 3138 1352 3181 a.
1383 3116 1451 3201 viij.
1464 3117 1498 3180 d.
1529 3114 1570 3178 de
1598 3114 1741 3178 subsidio
1771 3114 1970 3177 diversorum

469 3196 728 3262 inhabitanoinm
755 3200 919 3263 domicilia
942 3202 1127 3264 tenencium
1150 3203 1346 3265 diversarum
1370 3202 1594 3286 parochiarum
1621 3202 1707 3266 inira
1736 3202 1906 3266 civitatem
1936 3207 1971 3265 et

472 3284 625 3349 suburbia
639 3286 797 3369 predicta,
813 3292 877 3353 etc.

466 3384 479 3401 ⁶
513 3421 562 3485 De
592 3423 701 3505 aliquo
728 3422 871 3487 subsidio
896 3422 1077 3508 aliquorum
1100 3424 1361 3490 inhabitancium
1385 3410 1552 3490 domicilia
1577 3428 1764 3490 tenencium
1790 3426 1971 3509 aliquarum

468 3508 693 3594 parochiarum
709 3510 917 3575 ecclesiarum
933 3512 1197 3596 subscriptarum,
1212 3514 1365 3578 videlicet
1381 3512 1606 3598 parochiarum
1620 3514 1751 3577 ecclesie
1772 3514 1969 3581 Ssucronuu

470 3598 700 3663 quocaucruu
715 3600 749 3661 in
765 3598 917 3662 suburbio
932 3600 1084 3682 predicto,
1102 3601 1220 3668 Susam
1237 3603 1425 3668 Mromams
1440 3603 1474 3663 in
1491 3603 1671 3680 Wruroan,
1696 3602 1814 3668 Ssuorr
1829 3604 1971 3666 Arcana

470 3686 503 3746 in
519 3685 699 3764 wascono,
724 3686 851 3754 Sartona
877 3685 974 3753 Frnrs
999 3688 1035 3749 in
1061 3689 1211 3752 suburbio
1236 3690 1394 3772 predicto,
1417 3696 1475 3751 aut
1501 3690 1649 3772 parochie
1672 3687 1802 3750 ecclesie
1830 3689 1969 3754 Ouu1uar

471 3772 668 3839 Ssuoronnur
683 3773 769 3836 infra
782 3773 950 3836 civitatem
967 3775 1145 3857 predictam
1159 3796 1224 3839 non
1239 3776 1445 3859 respondent,
1470 3796 1508 3839 eo
1531 3776 1617 3858 quod
1641 3777 1755 3838 decem
1780 3773 1970 3857 hujusmodi

469 3859 687 3922 inhabitantes
701 3860 866 3923 domicilia
880 3866 1029 3926 tenentes
1043 3863 1078 3924 in
1102 3862 1211 3948 aliqua
1233 3864 1457 3947 parochiarum
1481 3864 1700 3946 predictarum
1713 3861 1788 3924 'non
1811 3862 1969 3941 existunt,

470 3952 510 4011 ut
524 3947 641 4010 dicunt
654 3953 715 4012 eto.

510 4083 578 4148 Nec
592 4083 787 4167 respondent
800 4083 841 4146 ds
853 4083 963 4167 aliquo
974 4085 1117 4149 subsidio
1131 4086 1313 4172 aliquorum
1328 4085 1516 4169 hujusmodi
1530 4085 1789 4149 inhabitancium
1803 4084 1969 4148 domicilia

467 4171 659 4235 tenencium
674 4171 856 4256 aliquarum
878 4169 1105 4254 parochiarum
1127 4174 1337 4237 ecclesiarum
1359 4173 1624 4257 subscriptarum,
1640 4173 1793 4236 videlicet
1819 4170 1969 4254 parochie

469 4259 599 4322 ecclesie
627 4258 744 4324 Ssuorr
769 4257 934 4324 Jonaurue
960 4258 1120 4325 Bsmrsrn
1145 4262 1179 4323 in
1196 4261 1348 4324 suburbio
1363 4261 1519 4344 predicto,
1534 4258 1684 4343 parocbia
1698 4259 1832 4322 ecclesie
1850 4260 1969 4326 Ssuorr

470 4345 633 4411 Nrcaonsr
667 4345 802 4424 ibidem,
834 4343 983 4430 parochie
1013 4346 1145 4410 ecclesie
1178 4347 1304 4414 Sauara
1334 4349 1524 4413 Tammms
1549 4346 1646 4431 juxta
1678 4347 1797 4430 gradm
1834 4345 1967 4425 ibidem,

469 4431 618 4516 parochie
644 4433 780 4496 ecclesie
809 4432 927 4498 Sauum
954 4433 1140 4499 Ruuwannr
1163 4434 1299 4512 ibidem,
1313 4434 1463 4518 parochie
1491 4436 1610 4502 Ssucrr
1634 4435 1790 4510 Davorus,
1818 4431 1969 4515 parochie

469 4521 601 4584 ecclesie
619 4519 745 4586 Sauara
758 4520 948 4585 Tnmrrsrrs
957 4519 1055 4603 juxta
1065 4521 1181 4584 fratres
1192 4523 1333 4584 minores
1344 4523 1429 4585 infra
1441 4521 1607 4584 civitatem
1619 4521 1809 4604 predictam,
1819 4517 1969 4602 parochie

467 4608 597 4671 ecclesie
615 4607 733 4673 sarcir
750 4607 894 4674 Gnoson
908 4608 943 4669 in
959 4608 1073 4672 eadem
1088 4609 1235 4686 civitate,
1249 4611 1399 4692 parochie
1413 4609 1547 4672 ecclesie
1564 4608 1682 4674 Saucrr
1706 4608 1846 4674 nonan
1873 4626 1970 4689 snpra

470 4695 581 4757 sellam
604 4693 738 4770 ibidem,
753 4695 902 4776 parochie
925 4694 1058 4758 ecclesie
1075 4694 1195 4762 Sauum
1210 4697 1314 4761 Pumu
1327 4697 1368 4759 ad
1385 4695 1490 4759 forum
1506 4695 1655 4778 pellium,
1670 4693 1820 4777 parochia
1834 4693 1968 4757 ecclesis

471 4783 589 4850 saecu
605 4782 625 4847 J
627 4801 769 4847 casurus
784 4787 852 4844 atte
868 4781 948 4845 Pore
964 4782 1096 4859 ibidem,
1113 4781 1264 4865 parochie
1278 4783 1410 4846 ecclesie
1427 4783 1545 4849 Ssucrr
1561 4782 1735 4847 Laouaam
1755 4783 1790 4844 in
1816 4780 1969 4844 suburbio

469 4869 625 4953 predicto,
639 4873 698 4931 aut
712 4867 861 4951 parochis
877 4869 1009 4932 ecclesie
1027 4869 1145 4938 Sanorr
1159 4870 1325 4936 Echinum
1339 4871 1425 4932 infra
1439 4871 1608 4932 civitatem
1623 4869 1813 4951 predictam,
1827 4889 1863 4932 eo
1884 4869 1971 4950 quod

469 4957 581 5020 decem
618 4954 806 5038 hujusmodi
841 4954 1063 5019 inhabitantes
1100 4956 1265 5019 domicilia
1302 4963 1455 5051 tenentes
1506 4957 1541 5018 in
1591 4956 1701 5038 aliqua
1748 4956 1969 5038 parochiarum

468 5044 689 5126 predictarum
704 5063 769 5104 non
784 5043 939 5122 existunt,
954 5049 991 5105 ut
1007 5044 1122 5106 dicunt
1136 5049 1199 5108 etc.

512 5179 579 5243 Neo
603 5177 800 5262 respondent
824 5178 865 5240 de
891 5178 1000 5263 aliquo
1022 5178 1163 5242 subsidio
1188 5186 1250 5243 etc.
1268 5179 1450 5264 aliquarum
1466 5179 1687 5262 parochiarum
1701 5178 1967 5260 subscriptarum,

468 5267 622 5330 videlicet
644 5264 792 5348 parochie
815 5263 949 5328 ecclesie
978 5265 1095 5332 Sauum
1123 5265 1315 5333 (insusurra
1337 5266 1422 5330 infra
1445 5268 1611 5329 civitatem
1631 5266 1822 5349 predictam,
1849 5264 1968 5331 Sanan

470 5355 574 5419 Parni
602 5353 691 5436 apud
718 5353 944 5417 Bsumnaonu
973 5353 1006 5415 in
1038 5352 1188 5415 suburbio
1217 5355 1374 5437 predicto,
1409 5361 1467 5417 aut
1502 5354 1650 5437 parochie
1685 5352 1818 5416 ecclesie
1849 5350 1968 5420 Ssuorr

469 5441 708 5505 Basanouorrar
723 5438 855 5515 ibidem,
869 5460 907 5502 eo
921 5440 1005 5523 quod
1021 5438 1104 5501 nulli
1120 5437 1306 5523 hujusmodi
1321 5441 1544 5504 inhabitantes
1569 5439 1734 5503 domicilia
1759 5445 1907 5502 tenentes
1932 5440 1968 5501 in

470 5529 592 5590 eisdem
607 5525 766 5609 parochiis
782 5527 937 5604 existunt,
953 5530 992 5588 ut
1006 5525 1122 5588 dieunt
1137 5535 1200 5592 etc.

513 5660 581 5723 Nec
610 5659 804 5743 respondent
833 5658 872 5722 de
899 5659 1009 5742 aliquo
1039 5658 1182 5722 subsidio
1219 5660 1359 5743 alicujus
1395 5681 1530 5746 persone
1568 5660 1676 5722 scisite
1712 5657 1753 5720 ds
1783 5654 1877 5717 terris
1910 5673 1969 5716 aeu

470 5748 668 5810 tenementis
695 5749 781 5810 inira
810 5747 977 5809 civitatem
1007 5751 1043 5808 et
1072 5746 1223 5809 suburbia
1251 5749 1400 5830 predicta
1426 5748 1513 5811 infra
1542 5747 1709 5810 libertates
1738 5742 1788 5807 vel
1817 5746 1908 5803 extra
1933 5741 1969 5802 in

469 5834 631 5897 dominico
656 5854 725 5913 suo,
754 5837 793 5896 ut
817 5834 858 5896 de
884 5833 985 5896 libero
1008 5838 1205 5910 tenemento,
1227 5854 1291 5918 que
1318 5841 1420 5896 terras
1442 5841 1477 5897 et
1500 5839 1688 5897 tenemento
1709 5831 1821 5894 eadem
1837 5846 1970 5911 persona

470 5922 702 6004 possessionate
717 5941 773 5985 seu
787 5940 921 6005 persone
937 5920 1168 6003 possessionate
1184 5924 1277 5984 tenet
1291 5941 1350 5984 seu
1364 5925 1479 5984 tenent
1504 5919 1696 5983 immediate
1721 5936 1779 6001 per
1802 5916 1970 5998 integrum
