5000 7050
545 1090 586 1157 86
1233 1086 1364 1154 ΚΕΝΤ.

586 1383 636 1447 De
650 1382 774 1447 'l'homa
787 1382 827 1448 de
842 1384 991 1466 Vysnuie
1006 1402 1063 1467 pro
1078 1382 1122 1447 di.
1138 1382 1161 1447 f.
1178 1382 1264 1465 quod
1281 1381 1382 1444 Lucis
1400 1382 1527 1461 (rectius
1545 1378 1659 1456 Luras)
1676 1376 1718 1443 de
1732 1374 1873 1441 Viennis
1891 1376 1997 1440 tenuit
2011 1375 2047 1438 in

547 1471 716 1540 Oarunreu
731 1471 771 1535 de
785 1471 920 1535 domiuo
934 1491 1010 1555 rege
1061 1504 1888 1521 ---------
1975 1482 2046 1528 us.

587 1606 636 1671 De
650 1607 781 1671 domina
795 1608 837 1671 de
853 1605 1017 1691 Ohampuy
1064 1627 1083 1669 e
1098 1625 1154 1691 pro
1169 1606 1194 1691 j.
1211 1606 1234 1669 f.
1252 1606 1339 1689 quod
1361 1604 1527 1669 lohannes
1552 1604 1592 1667 de
1616 1600 1847 1686 Champaygus
1874 1602 1983 1665 tenuit
2015 1602 2052 1664 in

545 1695 681 1761 Nomou
695 1700 730 1760 et
745 1696 942 1761 Nuwururru
957 1695 998 1758 de
1035 1693 1163 1759 ohanne
1178 1694 1218 1757 de
1235 1692 1353 1757 Sancto
1368 1690 1568 1756 lohanue-
1658 1728 1669 1741 ·
1760 1730 1771 1740 -
1862 1729 1873 1740 -
1963 1688 2005 1753 xl.
2019 1709 2047 1754 s.

589 1831 639 1895 De
661 1831 775 1896 eadem
800 1831 932 1895 dominu
956 1851 1014 1915 pro
1038 1830 1083 1895 di.
1102 1830 1124 1895 f.
1140 1829 1226 1914 quod
1254 1829 1418 1914 predictus
1441 1829 1606 1893 Johaunee
1635 1826 1865 1913 Champaygue
1890 1828 1997 1891 tenuit
2011 1828 2047 1889 iu

546 1918 709 1985 Huursru
724 1919 764 1983 de
778 1918 910 1983 domino
924 1916 1074 1982 Johuune
1088 1917 1129 1981 de
1145 1917 1265 1981 Sancto
1279 1915 1430 1980 Johauue
1451 1954 1868 1968 -----
1956 1935 2009 1979 xx.
2019 1937 2047 1981 a.

587 2054 637 2118 De
659 2055 832 2120 Edmuudo
856 2055 897 2119 de
925 2054 1063 2119 Vieuuia
1087 2073 1145 2139 pro
1170 2055 1195 2141 j.
1220 2056 1384 2138 quarterio
1407 2054 1432 2139 j.
1450 2055 1474 2119 f.
1490 2054 1577 2137 quod
1605 2054 1707 2119 Lucia
1732 2055 1858 2133 (rectius
1874 2053 1988 2133 Luras)
2007 2051 2048 2116 de

544 2142 1014 2294 {323⁸Jt5ffi1305n.Nm.0⁸
1036 2142 1077 2281 de
1103 2140 1251 2279 Johauue
1268 2141 1317 2279 'de
1344 2139 1587 2279 Olumpaygna
1613 2146 1648 2205 et
1671 2142 1740 2279 ipse
1767 2141 1808 2279 <le
1833 2139 2048 2292 Jolrunnex'das·

589 2366 638 2430 De
651 2364 801 2431 lohanne
815 2367 856 2430 de
873 2367 1017 2430 Moretur
1034 2386 1090 2449 pro
1104 2367 1129 2451 j.
1145 2366 1311 2450 quarterio
1325 2364 1412 2450 quod
1437 2362 1621 2447 Stephanus
1645 2365 1687 2429 de
1710 2364 1857 2429 Morstou
1882 2365 1990 2428 tenuit
2013 2366 2048 2428 in

548 2454 664 2520 Huusr
678 2455 721 2518 de
735 2455 881 2518 Johauue
895 2455 935 2517 de
950 2453 1071 2517 Sancto
1085 2451 1234 2517 Johanne
1271 2492 1893 2504 -------
1981 2472 2010 2517 x.
2021 2475 2049 2517 s.

590 2590 640 2652 De
665 2590 812 2654 Johanne
835 2590 876 2654 de
902 2589 1143 2674 Huntyngleld,
1171 2588 1288 2667 milite,
1313 2608 1370 2672 pro
1393 2587 1420 2672 j.
1449 2589 1616 2672 quarterio
1635 2589 1664 2673 j.
1681 2589 1704 2653 f.
1720 2589 1806 2673 quod
1829 2588 1996 2653 lohannes
2009 2589 2048 2653 de

548 2677 651 2741 Maris
666 2679 776 2741 tenuit
789 2681 824 2740 in
839 2678 1029 2755 Ruuusr0u‚
1043 2678 1079 2740 in
1095 2677 1240 2755 servicio,
1256 2677 1296 2740 de
1313 2675 1463 2743 Johaune
1479 2676 1521 2738 de
1538 2674 1766 2761 Ohumpaygne
1878 2716 1888 2728 -
1976 2698 2007 2742 x.
2020 2700 2047 2743 s.

592 2814 642 2880 De
657 2814 821 2879 Willelmo
846 2820 902 2878 ate
926 2813 1067 2879 Foratall
1094 2833 1152 2897 pro
1176 2815 1223 2879 di.
1240 2813 1263 2879 f.
1281 2814 1368 2897 quod
1391 2812 1557 2877 Johauues
1582 2813 1622 2877 de
1638 2812 1875 2879 Fissheboume
1889 2817 2001 2879 tenuit
2014 2816 2048 2879 in

549 2902 807 2969 Frssnrsourrs
823 2902 863 2965 de
876 2902 966 2966 dieto
980 2899 1131 2965 Johauue
1145 2902 1186 2965 de
1202 2900 1434 2985 Champsygue
1551 2940 1561 2951 -
1652 2942 1663 2952 -
1755 2942 1766 2953 -
1856 2943 1866 2955 -
1955 2924 2007 2968 xx.
2020 2925 2047 2968 s.

591 3039 641 3103 De
666 3040 804 3104 Riaardo
829 3039 870 3103 de
892 3038 1078 3123 Soonynton
1105 3058 1162 3122 pro
1187 3040 1213 3124 j.
1240 3040 1404 3123 quarterio
1431 3039 1455 3122 j.
1473 3041 1495 3104 i.
1513 3038 1598 3123 quod
1613 3039 1792 3105 Alexander
1806 3040 1847 3105 cle
1863 3039 2050 3125 Seonyutou

548 3128 657 3191 tenuit
671 3128 706 3191 iu
724 3127 882 3195 Suouorru
896 3125 939 3190 de
954 3126 1100 3211 predicto
1114 3124 1277 3205 labsum,
1293 3133 1328 3191 et
1342 3128 1412 3210 ipae
1426 3127 1466 3190 de
1482 3126 1503 3190 J
1504 3125 1632 3191 ohanne
1646 3128 1687 3191 de
1705 3128 1824 3196 Sancto
1837 3128 1997 3195 Johuune.

1980 3237 2049 3283 ω.

592 3351 642 3416 De
659 3352 753 3420 sarra
766 3352 808 3415 de
823 3350 931 3436 Derby
947 3372 1004 3435 pro
1018 3352 1044 3437 j.
1058 3353 1224 3436 quarterio
1238 3352 1263 3439 j.
1279 3352 1303 3417 f.
1328 3353 1416 3436 quod
1443 3352 1626 3417 Willelmus
1651 3354 1693 3417 de
1720 3353 1828 3440 Derby
1854 3359 1889 3419 et
1914 3354 2051 3421 heredes

547 3438 671 3505 Thomu
685 3438 890 3523 Fraulreleyu
906 3445 1084 3504 tenuerunt
1097 3440 1133 3503 iu
1149 3439 1320 3508 Wruruuu
1336 3441 1376 3505 de
1392 3438 1574 3526 Reginaldo
1588 3440 1629 3504 de
1645 3440 1821 3509 Gornehull
1882 3483 1892 3496 -
1981 3464 2012 3509 x.
2023 3467 2050 3510 s.

590 3577 640 3642 De
654 3579 774 3641 eomite
789 3576 914 3642 Oxonis
928 3597 986 3662 pro
1000 3577 1050 3662 iij.
1067 3580 1239 3662 quarteriis
1254 3579 1279 3664 j.
1296 3578 1320 3643 f.
1337 3579 1373 3642 in
1389 3579 1626 3658 Bruuusurrru,
1654 3599 1719 3664 que
1739 3579 1985 3646 Bartholomeus
2010 3583 2052 3647 de

550 3665 757 3730 Badlesmere
769 3666 879 3730 tenuit
890 3665 931 3729 de
948 3664 1098 3729 Hemone
1112 3663 1254 3729 Oreulrer

592 3803 644 3866 De
655 3803 788 3868 domina
801 3803 843 3867 de
857 3802 1029 3868 lerelond
1044 3824 1102 3888 pro
1117 3804 1142 3890 j.
1159 3805 1323 3888 quarterio
1337 3804 1362 3891 j.
1379 3803 1402 3870 f.
1415 3803 1501 3890 quod
1515 3802 1679 3869 lohannes
1693 3806 1733 3870 de
1748 3805 1931 3894 Wylughby
1942 3811 2052 3874 tenuit

549 3891 584 3954 in
600 3891 781 3958 Bomorrn
796 3891 836 3955 ds
852 3895 957 3955 austro
972 3891 1127 3955 Dororrie
1174 3927 1898 3948 --------
1987 3919 2016 3962 x.
2026 3919 2052 3962 e.

592 4029 642 4092 De
668 4027 829 4092 Michusle
855 4029 896 4092 de
922 4028 1093 4113 Ponyuges
1116 4048 1174 4112 pro
1200 4030 1250 4115 iij.
1276 4029 1450 4111 quarteriis
1476 4030 1502 4116 j.
1531 4031 1554 4095 f.
1579 4050 1642 4114 que
1667 4029 1832 4098 Johauues
1855 4033 1897 4097 de
1914 4033 2053 4099 Rolresle

548 4117 659 4180 tenuit
675 4116 711 4179 iu
725 4115 921 4184 Wuarwous
935 4116 976 4180 de
991 4115 1141 4180 Hamoue
1156 4115 1299 4182 Oreulrer
1334 4154 1854 4173 ------
1942 4142 2015 4188 xxx.
2025 4145 2051 4188 r.

593 4251 643 4316 De
665 4252 838 4317 heredibus
860 4252 1021 4319 Johaunis
1045 4254 1157 4336 Baret,
1186 4255 1355 4319 Willelmo
1381 4256 1422 4320 de
1446 4255 1669 4340 Apuldrefeld‚
1695 4257 1829 4322 domine
1846 4259 2052 4343 sennensem,

550 4340 722 4405 heredibus
746 4339 883 4405 Roberti
907 4342 948 4405 de
972 4340 1193 4421 Okemauton,
1214 4348 1249 4407 et
1276 4344 1471 4427 pureenariis
1487 4345 1562 4422 suis,
1579 4364 1638 4427 pro
1652 4345 1677 4432 j.
1694 4345 1717 4410 f.
1734 4347 1819 4429 quod
1834 4347 1997 4414 lohannes
2012 4349 2053 4415 de

549 4427 635 4512 Pyry
649 4429 761 4492 tenuit
775 4429 810 4491 iu
826 4428 917 4495 Pm
931 4429 972 4493 de
987 4428 1143 4494 Nichalao
1157 4430 1198 4494 de
1214 4429 1354 4516 Sellyug

593 4564 642 4629 De
657 4565 790 4628 domino
804 4564 987 4650 Regiualdo
1002 4566 1044 4629 de
1060 4565 1204 4634 Gobhum
1220 4588 1278 4652 pro
1292 4569 1341 4654 vj·
1362 4573 1455 4651 parte
1469 4568 1494 4653 j.
1512 4567 1534 4634 f.
1549 4589 1648 4653 quam
1670 4571 1827 4656 magister
1848 4571 1987 4637 Jasobus
2012 4575 2054 4640 de

551 4650 692 4717 (lobhum
707 4653 814 4716 tenuit
828 4653 864 4716 in
877 4653 1105 4720 Boueuuruun
1119 4654 1161 4718 de
1176 4654 1328 4718 Johaune
1347 4656 1388 4719 de
1404 4655 1636 4742 Ghampsygne
1675 4697 1685 4708 -
1776 4699 1786 4710 -
1876 4661 1921 4725 di.
1934 4683 2053 4728 marra.

592 4789 641 4853 De
664 4789 769 4873 priore
794 4789 976 4874 Hospitalis
1001 4792 1114 4857 Sanoti
1138 4792 1297 4857 Johaunis
1322 4792 1505 4857 Jerusalem
1532 4795 1567 4858 in
1583 4795 1704 4878 Anglia
1727 4816 1786 4880 pro
1800 4797 1825 4882 j.
1843 4797 1865 4860 f.
1882 4803 1916 4863 et
1931 4799 1974 4864 cli.
1991 4820 2054 4884 que

549 4877 749 4963 Reginuldus
763 4878 804 4941 de
819 4877 972 4945 (lomhell
985 4881 1096 4944 tenuit
1110 4881 1146 4943 in
1163 4881 1374 4948 Sriuusruuu
1388 4886 1423 4944 et
1438 4880 1528 4948 Oura
1543 4882 1583 4945 de
1599 4883 1744 4966 predicto
1758 4885 1877 4967 priore,
1901 4891 1940 4950 ut
1965 4907 2051 4951 eom-

550 4971 815 5048 pertumestper
828 4965 1078 5050 inquisicionem
1163 5003 1884 5024 ········
1972 4974 2016 5040 lx.
2027 4997 2054 5042 r.

638 5101 960 5190 Summa-xxxiii.
977 5106 1060 5191 xiiij.
1072 5125 1097 5170 s.
1113 5105 1176 5191 iiij.
1187 5107 1219 5170 d.
1237 5125 1294 5188 pro
1308 5125 1360 5170 xv.
1377 5103 1401 5173 f.
1418 5105 1463 5172 di.
1479 5108 1533 5193 iij·
1554 5115 1658 5191 parte,
1673 5113 1705 5172 et
1722 5109 1770 5172 xl·
1792 5117 1887 5194 parte
1901 5112 1925 5198 j.
1941 5113 1965 5177 f.

1010 5413 1230 5481 Huuuruuuu
1254 5437 1298 5481 uu
1323 5416 1601 5484 MIDDELTON.

591 5571 641 5634 De
663 5573 833 5637 heredibus
856 5573 1016 5639 Johanuis
1041 5575 1189 5663 Sauvags
1213 5599 1270 5663 pro
1295 5580 1319 5666 j.
1344 5579 1367 5646 f.
1395 5579 1482 5664 quod
1511 5581 1676 5665 predictus
1705 5581 1870 5650 Johaunes
1899 5591 1991 5653 tenet
2015 5588 2052 5653 in

549 5655 726 5725 Mmsrruu
743 5660 784 5725 de
798 5661 931 5725 domiuo
947 5683 1023 5748 rege
1061 5703 1885 5726 ---------
1973 5677 2017 5744 xl.
2028 5699 2054 5742 a.

592 5792 642 5898 lle
672 5795 837 5861 Willelmo
866 5796 1019 5884 Glyuton,
1050 5803 1169 5867 semite
1205 5804 1470 5891 Huutiugdonie,
1507 5825 1565 5888 pro
1602 5806 1627 5892 j.
1669 5811 1832 5890 quarterio
1867 5811 1892 5898 j.
1924 5812 1947 5879 f.
1971 5815 2057 5898 quod

549 5881 735 5960 Willelmus
749 5884 791 5949 ds
806 5885 969 5973 Leyborue
984 5890 1095 5954 tenuit
1108 5890 1195 5975 apud
1211 5891 1261 5959 La
1276 5891 1370 5960 Grau
1385 5892 1425 5955 de
1439 5913 1515 5978 rege
1578 5933 1588 5944 ·
1680 5935 1690 5947 -
1781 5937 1792 5948 ·
1884 5939 1895 5952 -
1984 5922 2052 5970 xa.
