5000 7050
1117 1094 1201 1164 Al).
1227 1102 1323 1165 1303.
1920 1096 1961 1157 65

459 1380 553 1535 wile
574 1382 727 1449 Galfrido
750 1386 790 1449 de
816 1385 1010 1464 Ghodcrtoo‚
1034 1390 1169 1451 tenente
1192 1386 1234 1450 de
1258 1385 1373 1449 eodem
1397 1384 1527 1459 comite,
1552 1400 1611 1465 pro
1635 1378 1707 1462 viij·
1725 1381 1818 1461 porte
1835 1375 1864 1461 j.
1889 1377 1918 1526 fv
1929 1376 1961 1437 io

503 1490 607 1536 mon
676 1505 1929 1528 .............
1935 1486 1962 1527 3,

508 1605 557 1669 De
585 1606 736 1673 Johannc
764 1611 803 1674 de
832 1610 943 1691 Knoll,
973 1616 1108 1676 tenente
1137 1611 1178 1674 de
1207 1609 1321 1675 eodem
1351 1608 1481 1687 comite,
1511 1627 1569 1689 pro
1599 1604 1671 1689 viij·
1701 1607 1791 1687 parte
1816 1601 1843 1685 j.
1874 1600 1897 1665 l.
1928 1602 1963 1663 in

462 1693 986 1766 Tuomommetwomimm
1087 1730 1809 1749 --------
1899 1710 1962 1753 Μ.

509 1829 558 1893 De
582 1830 723 1897 Roberto
750 1835 790 1898 de
813 1835 1014 1919 Hoppehale,
1038 1838 1179 1898 tenente.
1198 1831 1238 1895 de
1264 1830 1375 1895 ecdem
1401 1828 1532 1905 comite,
1554 1845 1612 1910 pro
1637 1826 1709 1912 viij·
1726 1831 1817 1911 porte
1837 1824 1866 1909 j.
1887 1826 1911 1890 f.
1928 1827 1963 1889 in

516 2054 563 2118 De
577 2054 724 2121 Johannc
738 2058 778 2122 de
794 2056 1012 2138 Shutleevrth,
1029 2063 1064 2121 et
1079 2055 1257 2142 particibus
1272 2054 1348 2133 suis,
1364 2051 1549 2117 tenentibus
1563 2051 1602 2114 de
1617 2051 1728 2115 eodem
1754 2051 1883 2129 comite,
1909 2073 1966 2135 pro

463 2144 540 2227 viij·
556 2151 646 2227 parte
657 2145 685 2228 j.
702 2145 726 2210 f.
744 2147 779 2209 in
793 2147 934 2213 Homeri
986 2177 1808 2197 ---------
1898 2160 1962 2204 v.c.

512 2280 559 2343 Ile
574 2279 733 2360 lohanne,
748 2282 816 2345 filio
830 2282 966 2346 Roberti
980 2281 1035 2344 del
1051 2279 1160 2357 Helle,
1174 2286 1306 2343 tenente
1321 2278 1360 2340 de
1376 2277 1488 2340 eodem
1505 2275 1634 2355 comite,
1647 2296 1705 2359 pro
1720 2277 1768 2338 xl·
1784 2282 1877 2358 parte
1887 2298 1914 2359 J
1927 2278 1953 2428 εἰ

1869 2385 1923 2446 xij.
1956 2413 1963 2428 .

510 2504 560 2567 De
576 2506 672 2569 Petro
686 2507 727 2569 de
742 2506 940 2586 Altoncotee,
954 2512 1089 2570 tenente
1104 2506 1145 2568 de
1160 2503 1272 2569 eodem
1288 2503 1422 2579 comite,
1435 2522 1493 2585 pro
1508 2508 1589 2567 xxm*
1606 2507 1698 2585 parte
1710 2500 1737 2585 j.
1754 2504 1777 2567 i.
1796 2542 1806 2553 -
1894 2502 1916 2585 ij
1922 2526 1965 2567 ‚e

511 2642 556 2705 De
571 2642 708 2707 Ricardc
723 2644 791 2708 lilio
805 2645 886 2723 Ade,
900 2651 1034 2709 tenente
1049 2644 1089 2708 de
1103 2643 1216 2707 codem
1231 2642 1363 2721 comite,
1380 2660 1439 2724 pro
1455 2639 1502 2703 xl·
1519 2645 1608 2725 parte
1619 2639 1682 2723 j.l
1709 2660 1712 2665 ·
1769 2680 1780 2692 -
1869 2638 1964 2723 xiid.

509 2778 559 2843 De
575 2780 741 2845 Willclmo
755 2782 796 2845 de
810 2780 1103 2865 Wymundhoueee‚
1117 2783 1253 2843 tenente
1269 2778 1309 2843 de
1325 2779 1437 2843 eodem
1454 2779 1584 2857 comite,
1598 2797 1654 2861 pro
1669 2778 1717 2841 xl·
1734 2784 1825 2863 parte
1835 2776 1864 2861 j.
1881 2778 1904 2842 f.
1934 2866 1956 2929 d

1867 2886 1923 2949 mJ.
1958 2910 1967 2929 .

1027 3368 1057 3451 j.
1074 3366 1098 3431 f.
1115 3373 1150 3431 et
1165 3367 1247 3454 iiij¹¹
1263 3388 1336 3449 pare
1346 3366 1375 3449 j.
1391 3368 1414 3430 f.

874 3480 1010 3544 Summa
1024 3481 1231 3545 denariorum
1241 3479 1352 3544 :--lix.
1361 3480 1395 3545 li.
1412 3500 1477 3546 me.
1494 3478 1577 3563 vj.cl.

1095 4083 1193 4154 Al).
1237 4083 1359 4154 1346.

514 4297 690 4382 lnquieicio
705 4302 802 4378 capto
815 4298 902 4379 apud
917 4297 1137 4361 masolam
1153 4298 1206 4361 die
1217 4298 1333 4360 Marcii
1349 4299 1495 4380 proximo
1510 4304 1584 4381 poet
1599 4297 1717 4361 lectum
1730 4299 1969 4382 Assumpcionie

469 4384 569 4447 Beate
584 4383 691 4446 Mario
706 4404 790 4447 enno
807 4385 896 4469 regni
910 4386 997 4469 regio
1012 4385 1161 4448 Edwardi
1177 4385 1270 4448 tercii
1285 4395 1358 4468 post
1372 4395 1584 4469 conquestum
1601 4387 1752 4449 vicesimo
1778 4407 1863 4449 nono
1888 4390 1969 4471 (cic),

470 4492 578 4533 comm
605 4470 755 4535 Jchanne
781 4470 912 4555 Gokeyn
935 4479 968 4534 et
992 4473 1084 4535 sociis
1100 4475 1177 4551 suis,
1191 4472 1413 4537 collectoribus
1429 4474 1542 4535 auxilii
1557 4475 1627 4556 regi
1642 4476 1782 4537 concessi
1798 4477 1830 4537 in
1848 4475 1969 4536 ducatu

469 4559 657 4621 Lanccotrie
678 4560 720 4622 ed
752 4561 1011 4643 primogenitum
1039 4559 1145 4624 filium
1175 4580 1270 4623 suum
1298 4561 1434 4622 militem
1466 4560 1665 4637 faciendum,
1694 4580 1779 4623 anno
1801 4564 1892 4646 regni
1919 4563 1971 4624 sui

470 4656 560 4721 xxm,
586 4666 644 4728 per
669 4651 905 4710 sacramentum
931 4645 1064 4709 Ricardi
1088 4648 1129 4710 de
1155 4646 1311 4724 Rcdeclil,
1333 4647 1473 4712 Gilbcrti
1498 4647 1539 4711 de
1564 4647 1714 4730 Haydok,
1741 4647 1899 4712 Johennis
1926 4649 1966 4712 de

468 4732 628 4812 Rcdeclif,
642 4731 802 4798 Johannie
816 4733 857 4796 de
871 4734 1042 4812 Ascheton,
1056 4733 1215 4798 Jchounie
1230 4735 1270 4798 de
1286 4733 1387 4812 Crolt,
1402 4735 1442 4797 de
1458 4734 1589 4812 Delton,
1603 4735 1624 4798 J
1626 4734 1761 4797 ohannis
1776 4736 1816 4798 de
1839 4735 1970 4810 Barton,

470 4819 608 4883 Henrici
637 4819 677 4882 de
706 4819 858 4904 Norreye,
887 4820 1016 4884 Ricardi
1046 4822 1085 4884 de
1117 4823 1263 4899 Huyton,
1295 4822 1428 4884 Henrici
1458 4823 1499 4884 de
1538 4821 1739 4900 Steudieshe,
1770 4822 1902 4886 Roberti
1931 4822 1971 4885 de

469 4906 650 4985 Presteton,
679 4908 813 4971 Henrici
841 4908 882 4971 de
908 4909 1137 4986 Bekanshawe,
1161 4907 1322 4972 Johcnnis
1348 4910 1387 4972 dc
1414 4908 1563 4994 Bailegh,
1578 4910 1713 4972 Henrici
1729 4910 1769 4972 de
1787 4909 1972 4993 Bykerstat,

469 4994 602 5057 Ricardi
617 4995 658 5056 de
671 4994 830 5080 Tounley,
844 4994 968 5058 Thome
983 4996 1022 5059 dc
1039 4995 1231 5080 Syngleton,
1246 4996 1315 5058 Adc
1331 4997 1371 5060 de
1388 4997 1563 5080 Hopwode‚
1579 4997 1649 5059 Ade
1670 4997 1709 5060 de
1725 4996 1971 5082 Whityngham,

468 5081 600 5144 Riccrdi
615 5082 657 5145 dc
673 5081 806 5155 Rixton,
824 5082 978 5147 Willelmi
993 5083 1032 5146 de
1047 5083 1177 5160 Bolron,
1191 5083 1312 5170 Rogeri
1334 5084 1374 5148 dc
1402 5083 1509 5161 Slene,
1535 5084 1666 5148 Roberti
1692 5084 1732 5146 de
1759 5082 1972 5168 Haldeleghs,

468 5169 537 5233 lde
561 5170 603 5232 de
631 5169 806 5248 Andreton,
830 5169 950 5255 Rogeri
973 5170 1014 5234 de
1038 5170 1191 5250 Boulton,
1214 5178 1249 5234 ct
1274 5171 1409 5234 Henrici
1433 5171 1473 5235 de
1500 5169 1645 5256 Clayton,
1663 5173 1720 5256 qui
1731 5171 1837 5255 jurati
1852 5173 1971 5236 dicunt

468 5277 565 5340 super
580 5262 819 5322 sacramentum
836 5278 931 5322 ouum
946 5258 1032 5342 quod
1042 5282 1050 5322 ε
1060 5295 1095 5304 -

1025 5549 1423 5617 BLAKBURNSHIRE.

510 5710 675 5774 Robertue
688 5708 728 5773 de
743 5709 921 5794 Longeton,
939 5709 1092 5789 chivoler,
1106 5717 1197 5775 tenet
1213 5733 1268 5776 un.
1286 5711 1309 5775 f.
1326 5731 1369 5776 m.
1387 5714 1421 5774 in
1437 5712 1591 5792 Wlmou,
1608 5713 1648 5774 de
1675 5711 1757 5774 duce
1783 5711 1971 5776 Lancaotrie

469 5801 521 5864 i.c.
538 5798 626 5883 quod
641 5796 803 5860 Robertue
820 5795 974 5862 Bancctre
989 5799 1151 5882 quondam
1166 5801 1275 5863 tenuit
1291 5798 1413 5862 ibidem
1430 5800 1470 5862 de
1486 5801 1604 5863 comite
1620 5797 1788 5861 Lincolnie
1804 5800 1855 5864 i.c.

658 5931 816 6008 (Fortiter
830 5936 946 5998 entriee
962 5933 1095 6017 relatiny
1113 5945 1142 5998 to
1162 5931 1413 5997 Blokburnshire
1430 5934 1494 5998 will
1509 5934 1542 5997 bc
1550 5934 1655 6015 jocml
1671 5933 1788 6008 below.)
