5000 7050
962 1112 1170 1177 NORFOLK
1204 1115 1285 1178 Ar).
1315 1118 1445 1179 1401-2.
1892 1117 1954 1181 627

495 1395 678 1460 Willelmus
693 1397 786 1473 Reus,
801 1398 961 1463 Ricurdus
978 1399 1180 1484 Bloumvyle‚
1195 1400 1361 1465 Johaunes
1377 1401 1496 1480 Broun,
1522 1411 1557 1462 et
1583 1399 1740 1465 Ricardus
1763 1404 1803 1466 de
1829 1403 1952 1466 Melton

451 1488 563 1546 tenent
580 1486 615 1547 iu
630 1485 769 1550 Nuuros
783 1493 818 1551 et
833 1487 989 1554 Gonunrn
1003 1488 1029 1572 j.
1046 1488 1069 1552 f.
1085 1497 1120 1551 et
1136 1489 1180 1552 di.
1197 1488 1237 1551 de
1253 1487 1370 1551 herede
1387 1489 1428 1550 de
1444 1489 1624 1572 Claveryng
1639 1499 1701 1551 etc.
1721 1497 1768 1568 (ca
1792 1494 1825 1554 iu
1846 1493 1952 1568 lete).

495 1619 652 1684 Ricardus
676 1621 868 1707 Bloumvyle
892 1629 983 1688 tenet
997 1625 1034 1686 iu
1049 1624 1189 1690 Nnurou
1200 1624 1226 1708 j.
1242 1633 1351 1708 quart.
1369 1625 1391 1688 i.
1409 1645 1454 1688 m.
1471 1624 1510 1686 de
1526 1622 1642 1687 herede
1657 1624 1699 1688 de
1715 1621 1904 1710 Cluveryng‚
1919 1632 1954 1688 et

450 1707 538 1771 idem
554 1709 595 1772 de
609 1709 763 1774 Matillde
778 1711 818 1774 de
833 1710 1000 1776 Cromwell
1017 1718 1081 1777 etc.
1101 1716 1149 1791 (oa
1165 1713 1291 1796 before).

495 1845 639 1929 Rogems
656 1847 841 1930 Heylesdou
856 1855 892 1912 et
914 1854 1062 1912 tenentes
1083 1849 1133 1911 sui
1156 1854 1273 1912 tenent
1295 1850 1331 1913 in
1354 1848 1598 1916 Oamsnnronc
1622 1848 1675 1935 iij*
1696 1859 1802 1932 quart.
1826 1850 1850 1932 j.
1868 1851 1890 1914 s.
1907 1869 1952 1914 m.

450 1932 733 2104 Hohbhlbhlrblbtbe
757 1933 947 1999 Bolrenham
970 1945 1007 1999 et
1028 1937 1118 1999 idem
1139 1936 1180 1999 de
1203 1935 1320 2000 herede
1344 1936 1384 1999 de
1407 1935 1549 2015 Multos,
1572 1947 1607 2000 et
1640 1937 1728 2000 rdem
1758 1937 1799 1998 de
1828 1935 1954 1999 Thomu

495 2158 609 2222 Simon
647 2159 780 2225 Samson
817 2166 909 2224 tenet.
945 2164 978 2224 iu
1018 2161 1263 2228 Cumannsoun
1301 2161 1346 2225 di.
1378 2167 1483 2244 quart.
1514 2163 1536 2226 i.
1568 2183 1612 2226 m.
1644 2162 1684 2225 de
1717 2161 1882 2224 Willelmo
1912 2163 1952 2224 de

451 2243 642 2309 Bokenham
659 2254 719 2313 etc.

496 2381 591 2445 Idem
608 2382 720 2446 Simon
735 2390 828 2448 tenet
841 2385 876 2447 in
891 2385 1005 2448 eadem
1020 2385 1098 2448 villu
1107 2386 1136 2468 j.
1152 2391 1260 2468 quart.
1278 2352 1360 2450 lm.
1383 2404 1440 2468 pro
1467 2389 1650 2448 tenemento
1677 2393 1786 2448 vocato
1812 2384 1954 2450 Berones

451 2467 493 2531 de
507 2469 671 2533 Willclmo
686 2472 727 2534 de
742 2470 931 2535 Bokenham
947 2480 1008 2536 etc.

495 2607 678 2672 willelmus
692 2610 733 2672 de
747 2609 830 2688 Hoc,
841 2610 946 2686 miles,
957 2611 1043 2693 prior
1057 2609 1098 2673 de
1116 2608 1309 2688 Shuldhum,
1320 2611 1407 2692 prior
1423 2609 1463 2672 de
1479 2608 1659 2693 Alseburgh
1674 2613 1737 2688 (ir.
1748 2610 1955 2693 Aylesburn)‚

454 2694 635 2758 Willelmus
650 2697 848 2781 Appylyerd‚
864 2697 1023 2760 Robertus
1049 2696 1166 2781 Douny
1193 2704 1307 2760 tenent
1334 2697 1378 2761 di.
1395 2696 1416 2761 f.
1433 2717 1478 2762 m.
1496 2696 1537 2760 de
1562 2696 1695 2759 domino
1720 2698 1894 2761 Hdmundo
1915 2701 1955 2760 de

451 2780 571 2865 Thorp,
589 2784 705 2863 milite,
721 2793 755 2847 et
770 2784 856 2847 idem
871 2784 911 2846 de
927 2783 1053 2849 Thomu
1068 2783 1263 2868 Moumbray
1279 2790 1344 2848 etc.

494 2920 656 2984 Matilldis
692 2919 871 3001 Cromwell‚
901 2922 1036 2986 dominu
1073 2922 1114 2986 de
1151 2921 1337 3000 Tuteshule‚
1366 2942 1443 2985 cum
1480 2922 1670 2987 tenentibus
1699 2925 1776 3004 arsis,
1810 2903 1900 2988 tenet
1925 2925 1959 2986 in

451 3008 656 3074 Hunnusnrn
687 3011 751 3073 tria
780 3020 885 3094 quart.
907 3009 935 3092 j.
962 3010 984 3075 f.
1009 3031 1055 3075 m.
1087 3009 1128 3073 de
1157 3012 1278 3073 comite
1308 3010 1348 3072 de
1379 3009 1599 3094 Rychemond‚
1629 3017 1667 3072 ut
1697 3010 1738 3073 de
1767 3010 1885 3073 honore
1915 3009 1958 3074 de

451 3094 655 3160 Rechemond
673 3099 756 3178 (sic),
772 3098 830 3181 qui
843 3105 894 3161 est
909 3103 943 3160 iu
959 3117 1060 3160 mauu
1075 3099 1160 3181 regis
1175 3098 1306 3160 racione
1322 3099 1458 3160 minoris
1473 3098 1573 3161 etatis
1589 3097 1681 3161 ducis
1696 3096 1856 3161 Britanie.

952 3484 1175 3551 Huununnuu
1198 3503 1241 3549 nn
1265 3481 1463 3549 FOURHO.

495 3622 653 3685 Dominus
668 3622 808 3686 Thomas
823 3623 862 3686 de
877 3622 1001 3686 Morlee
1016 3628 1109 3686 tenet
1125 3623 1308 3685 manerium
1324 3640 1418 3683 suum
1435 3620 1476 3683 de
1491 3616 1664 3684 Hnuousu
1688 3640 1762 3683 cum
1788 3621 1958 3686 hundredo

451 3709 492 3771 de
509 3708 636 3773 l'ourho
651 3710 692 3774 de
708 3730 783 3795 rege
797 3712 850 3776 i.c.
867 3732 925 3794 per
938 3711 1111 3773 servicium
1127 3710 1152 3794 j.
1170 3709 1193 3772 f.
1209 3730 1256 3773 m.

493 3842 649 3907 Ricardus
665 3841 747 3907 Gaus
761 3849 851 3907 tenet
867 3847 902 3906 in
918 3844 1092 3910 Huususu
1107 3844 1321 3907 medietatem
1332 3843 1360 3927 j.
1378 3844 1402 3909 f.
1415 3864 1461 3908 m.
1474 3842 1514 3907 de
1531 3844 1676 3907 manerio
1692 3843 1733 3907 de
1749 3843 1858 3929 Owhy,
1870 3846 1954 3930 quod

449 3931 580 3995 domina
594 3931 635 3995 de
650 3930 727 4014 caly
742 3935 832 4032 tenet
848 3931 889 3994 de
903 3931 1035 3994 domino
1049 3930 1175 3994 Thomu
1190 3932 1384 4014 Moumbruy
1401 3943 1464 3996 etc.
1505 3958 1508 3967 ·

492 4066 632 4131 Thomus
647 4066 803 4153 Boclryng
816 4074 908 4132 tenet
922 4070 957 4131 in
973 4069 1135 4135 Hsoroun
1150 4069 1175 4154 j.
1192 4075 1300 4152 quart.
1316 4066 1339 4134 f.
1356 4088 1400 4133 m.
1428 4066 1469 4131 de
1493 4068 1637 4131 manerio
1664 4067 1705 4130 de
1729 4070 1886 4133 Horslord
1912 4072 1954 4135 de

449 4153 619 4219 heredibus
635 4154 769 4219 Roberti
784 4156 825 4219 de
842 4155 965 4233 Ufford,
978 4167 1012 4219 et
1027 4157 1127 4219 iidem
1143 4160 1183 4219 de
1198 4174 1286 4238 rege.

495 4292 651 4356 Ricardus
676 4291 867 4375 Bloumvyle
892 4297 985 4356 tenet
1009 4294 1045 4355 iu
1069 4294 1213 4359 Dnrnsu
1236 4293 1261 4378 j.
1278 4297 1385 4375 quart.
1401 4292 1425 4356 t.
1442 4312 1489 4356 m.
1505 4291 1546 4354 de
1573 4290 1697 4355 Thomu
1712 4293 1754 4356 de
1770 4292 1904 4374 Morlee,
1921 4302 1955 4360 et
2039 4256 2041 4261 Ι

449 4380 538 4443 idem
553 4381 692 4465 detege,
708 4386 746 4442 ut
760 4379 933 4463 porcellum
947 4380 1081 4444 baronte
1097 4380 1138 4443 de
1154 4381 1233 4463 Rya.

492 4516 585 4580 Prior
606 4516 740 4580 ecclesie
755 4514 877 4580 Christi
892 4514 1064 4581 cantuarie
1082 4516 1186 4580 teneti
1202 4518 1237 4579 in
1254 4516 1399 4582 Dnenau
1415 4536 1472 4599 pro
1497 4522 1604 4597 quart.
1621 4515 1644 4597 j.
1661 4516 1683 4580 i.
1699 4538 1745 4582 m.
1772 4517 1812 4582 de
1831 4518 1956 4582 Thomu

450 4604 489 4667 de
505 4603 628 4668 Morlee
643 4606 678 4666 in
693 4624 808 4687 purum
821 4610 884 4667 etc.

491 4741 653 4804 Johannes
675 4747 746 4804 uttc
771 4738 856 4819 Oros,
872 4741 993 4826 junior,
1008 4746 1099 4804 tenet
1125 4740 1309 4803 manerium
1335 4760 1430 4803 suum
1457 4739 1496 4802 de
1523 4740 1666 4804 Duarum
1682 4761 1738 4823 pro
1754 4742 1799 4804 di.
1815 4743 1837 4803 f.
1852 4764 1897 4808 m.
1914 4744 1954 4807 de
2052 4722 2053 4727 ἵ

450 4827 573 4891 Thomu
587 4831 628 4891 de
644 4828 766 4892 Morlee
784 4832 858 4892 etc.-

493 4965 649 5028 Robertus
673 4964 712 5028 de
737 4964 871 5042 Morlee,
897 4964 1002 5043 miles,
1027 4970 1120 5028 tenet
1144 4965 1328 5027 manerium
1353 4984 1451 5025 suum
1478 4964 1517 5026 de
1544 4964 1686 5027 Monunn
1703 4984 1760 5047 pro
1773 4966 1797 5048 j.
1814 4966 1837 5029 f.
1854 4987 1899 5031 m.
1915 4967 1955 5029 de

448 5053 591 5114 manerio
605 5052 646 5115 de
662 5051 851 5137 Hokeryug‚
864 5052 949 5135 quod
966 5052 1117 5115 dominus
1132 5050 1273 5114 Thomas
1288 5052 1328 5114 de
1344 5050 1468 5114 Morlee
1483 5056 1575 5113 tenet
1590 5050 1630 5113 dc
1646 5069 1722 5134 rege
1738 5058 1800 5117 etc.

494 5188 587 5252 Idem
602 5188 762 5251 Robertus
777 5194 811 5252 et
827 5195 976 5253 tenentes
991 5191 1053 5267 sui,
1070 5188 1221 5252 videlicet
1235 5189 1376 5251 Thomas
1392 5188 1432 5251 de
1449 5186 1561 5266 Hales,
1575 5186 1682 5249 Aliciu
1700 5186 1839 5265 Hubert,
1854 5208 1957 5272 nuper

447 5297 527 5339 uxor
549 5275 680 5338 Ricardi
704 5276 842 5355 Hubert,
858 5286 892 5338 et
916 5276 1048 5340 heredes
1071 5275 1236 5358 Radulphi
1261 5276 1301 5337 de
1316 5274 1435 5358 Wykes
1457 5284 1575 5338 tenent
1598 5275 1632 5337 in
1655 5274 1899 5341 thnwonn
1923 5288 1955 5339 et

448 5364 653 5514 ffizquemgtg.
677 5370 782 5445 quart.
806 5365 829 5427 f.
853 5385 897 5428 m.
922 5364 960 5426 dc
983 5366 1126 5426 manerio
1156 5363 1196 5426 de
1228 5361 1416 5446 Hokeryng,
1447 5363 1532 5446 quod
1563 5361 1715 5425 dominus
1745 5362 1885 5425 Thomas
1916 5364 1955 5426 de

493 5587 665 5665 Robertus,
685 5586 774 5649 filius
798 5586 955 5650 Willelmi
977 5588 1112 5665 Curson,
1134 5592 1227 5651 tenet
1250 5589 1285 5650 in
1308 5587 1468 5652 Bunronn
1490 5585 1535 5649 di.
1560 5584 1581 5648 l.
1605 5606 1650 5649 m.
1682 5583 1724 5647 de
1747 5584 1890 5651 Roberto
1913 5586 1953 5649 de

449 5674 583 5752 Morlee,
598 5675 718 5752 milit-e,
733 5682 768 5738 et
784 5674 872 5738 idem
887 5675 929 5737 de
944 5675 1072 5739 Thomu
1085 5677 1125 5738 de
1140 5673 1263 5737 Morlee
1278 5679 1341 5738 etc.

491 5812 722 5875 Constantinus
754 5814 795 5875 de
826 5814 957 5876 Mortuo
992 5813 1076 5875 Mari
1111 5820 1203 5875 tenet
1237 5814 1271 5873 iu
1307 5812 1475 5875 Buuunsrr
1499 5814 1625 5871 sextam
1648 5816 1775 5892 purtem
1799 5810 1821 5873 f.
1846 5831 1889 5875 m.
1914 5810 1955 5873 de

449 5898 620 5963 heredibus
650 5900 759 5985 Plays,
779 5908 814 5963 et
848 5900 934 5963 idem
969 5901 1010 5964 de
1040 5901 1158 5964 comite
1183 5899 1366 5975 Wareunie,
1388 5909 1422 5961 et
1457 5905 1508 5960 est
1538 5901 1574 5959 in
1605 5916 1704 5958 manu
1738 5898 1823 5981 regis
1855 5906 1892 5959 ut
1914 5899 1955 5961 de

447 5987 570 6051 ducatu
585 5987 782 6053 lancastrie.
