5000 7050
577 1061 641 1129 562
1219 1058 1441 1128 NORFOLK.

618 1351 724 1418 lieres
750 1351 860 1418 Isolde
883 1351 927 1419 de
952 1350 1056 1417 Bosco
1080 1355 1183 1416 tenet*
1199 1351 1382 1416 inmediate
1408 1349 1450 1414 de
1475 1347 1594 1416 herede
1611 1347 1745 1414 Roberti
1760 1348 1800 1413 de
1816 1345 1990 1412 Tatisbale
2005 1349 2091 1410 certe

574 1445 679 1506 terras
692 1446 728 1506 et
742 1446 929 1506 tenementa
943 1443 980 1505 in
993 1441 1135 1509 Dnrvrou
1150 1460 1209 1525 per
1223 1440 1396 1504 servicium
1412 1441 1512 1504 tercie
1527 1440 1632 1524 partis
1645 1440 1669 1526 j.
1685 1440 1708 1506 t.
1725 1459 1771 1502 m.

619 1596 723 1661 Heres
737 1595 873 1660 Roberti
887 1593 1020 1660 Holkolr‘
1042 1591 1198 1682 [Hokolt]
1230 1598 1325 1658 tenet
1350 1592 1530 1658 inmediate
1553 1592 1593 1658 de
1617 1592 1733 1656 herede
1759 1590 1893 1654 Roberti
1918 1586 2091 1654 Tatishale

575 1689 668 1749 certa
681 1690 784 1750 terras
799 1691 834 1749 et
848 1689 1041 1749 tenementa
1054 1684 1091 1746 in
1106 1682 1220 1746 eadem
1236 1701 1293 1766 per
1307 1682 1483 1746 servicium
1499 1683 1597 1746 tercie
1611 1683 1713 1765 partis
1722 1680 1750 1764 j.
1764 1679 1789 1744 f.
1805 1700 1849 1744 m.

620 1834 789 1898 Gilbertus
814 1835 855 1899 de
879 1830 1076 1910 Debinham,
1098 1830 1264 1898 Jobnnuee
1290 1831 1450 1911 Palmae,
1473 1829 1613 1897 Thomas
1627 1830 1773 1896 Palmere
1787 1835 1823 1894 et
1837 1829 2027 1914 percenarii
2043 1830 2091 1892 sui

575 1923 889 2096 qqpvciqquipxrqeqialtlp
898 1921 939 1986 de
953 1920 1103 1986 iohanne
1129 1918 1253 1985 Oliitcn
1278 1925 1370 1984 certa
1393 1925 1497 2052 terras
1522 1925 1557 1984 et
1581 1924 1771 1983 tenemento
1795 1919 1831 1981 in
1857 1917 2007 1984 Dreros
2035 1937 2092 2001 per

618 2164 723 2228 Heres
751 2161 883 2227 Roberti
912 2159 1076 2226 Tetisbale
1106 2164 1199 2226 tenet
1229 2159 1410 2226 inmediate
1438 2160 1480 2225 de
1517 2159 1651 2226 domino
1687 2179 1764 2244 rege
1792 2165 1883 2222 certa
1912 2161 2021 2222 terras
2060 2163 2091 2222 et

573 2257 765 2316 tenemento
779 2251 815 2314 in
828 2248 940 2315 eadem
954 2268 1013 2333 per
1026 2249 1199 2314 servicium
1213 2248 1239 2334 j.
1255 2249 1279 2316 s.
1295 2269 1340 2315 m.

617 2401 781 2467 Johannea
806 2400 944 2464 Plombs
964 2403 1000 2465 et
1024 2400 1206 2483 pereenarii
1235 2399 1289 2462 sui
1312 2405 1426 2464 tenent
1451 2397 1631 2464 inmediate
1663 2397 1703 2462 de
1733 2399 1850 2463 herede
1879 2397 2023 2461 Roberti
2048 2398 2088 2462 de

574 2489 740 2557 Tatiabale
765 2494 854 2553 certa
879 2493 983 2553 terras
1006 2493 1041 2552 et
1062 2490 1253 2550 tenemeuta
1273 2487 1309 2550 in
1324 2486 1533 2554 annrvrrrnn
1548 2489 1581 2550 et
1597 2487 1817 2566 Mensores,
1836 2507 1899 2572 que
1913 2487 2086 2571 quondam

575 2579 709 2643 fuerunt
723 2576 855 2641 Ricardi
869 2574 992 2641 Carioli
1003 2582 1039 2638 et
1053 2574 1245 2638 teneucium
1262 2594 1393 2638 suorum
1408 2594 1465 2659 per
1479 2575 1654 2638 servicium
1669 2581 1782 2659 quarte
1797 2569 1900 2656 partis
1914 2575 1938 2658 j.
1958 2574 1983 2639 f.
2003 2595 2050 2638 m.

616 2731 741 2796 Dicunt
755 2729 857 2795 eciam
872 2729 1030 2814 juratores
1044 2726 1183 2812 predicti
1198 2728 1285 2813 quod
1300 2727 1389 2792 nulle
1404 2733 1483 2792 sunt
1496 2729 1560 2791 alie
1575 2747 1709 2812 persone
1723 2729 1791 2791 sive
1817 2731 1969 2790 tenentes
1997 2728 2086 2790 infra

572 2819 780 2883 hundredum
803 2817 989 2902 predictum
1013 2817 1123 2879 seisite
1144 2817 1180 2878 in
1202 2817 1368 2879 dominico
1384 2836 1442 2880 suo
1455 2815 1634 2880 immediate
1649 2821 1688 2878 ut
1703 2816 1743 2879 de
1757 2814 1858 2878 libero
1872 2820 2082 2892 tenemento,

574 2907 662 2970 unde
676 2907 778 2970 iidem
792 2923 926 2988 persone
940 2905 1009 2967 sive
1023 2907 1170 2967 tenentes
1185 2904 1420 2985 possessionate
1435 2903 1590 2982 existunt,
1612 2904 1668 2988 qui
1692 2907 1807 2966 tenent
1831 2923 1889 2987 per
1911 2903 2083 2987 integrum

573 2994 706 3058 feodum
718 2993 850 3070 militie,
863 2991 1089 3070 medietatem,
1105 2991 1241 3054 terciam
1255 2991 1307 3054 vel
1321 2996 1472 3073 quartem
1486 2997 1616 3074 partem
1631 2991 1654 3056 f.
1670 3011 1715 3055 m.
1731 2989 1901 3054 inclusive.

619 3145 661 3208 In
689 3142 783 3229 cujus
811 3144 858 3207 rei
883 3141 1112 3207 testimonium
1140 3142 1299 3228 juratores
1336 3141 1473 3226 predicti
1511 3141 1589 3206 huic
1625 3141 1836 3227 inquisicioni
1873 3140 1984 3226 sigilis
2023 3160 2083 3204 sus

575 3238 807 3319 apposuerunt.

621 3381 745 3447 Datum
758 3380 825 3463 die,
840 3400 926 3447 anno
941 3386 975 3446 et
990 3381 1060 3447 loco
1075 3381 1282 3466 supradictis.

1065 3722 1288 3790 Hnunaannu
1309 3740 1355 3789 na
1377 3719 1603 3791 nussum).

621 3884 803 3973 Inquisicio
817 3889 914 3971 capte
928 3884 1017 3970 apud
1031 3882 1139 3950 Brook
1153 3884 1207 3950 die
1221 3884 1356 3949 Sabbati
1369 3884 1518 3969 proximo
1543 3890 1616 3969 post
1641 3882 1766 3949 festum
1790 3885 1909 3952 Sancte
1932 3888 2086 3953 Barnabe

577 3974 718 4060 apostoli
740 3993 825 4037 anno
848 3973 944 4059 regni
966 3973 1053 4058 regis
1080 3971 1218 4037 Henrici
1243 3974 1328 4036 sexti
1349 3976 1428 4056 post
1452 3979 1667 4055 conquestum
1689 3980 1780 4036 serto
1801 3994 1908 4038 coram
1922 3975 2084 4042 Nicbolao

580 4062 712 4139 castell,
740 4061 888 4125 Johanne
918 4060 1068 4144 Clipesby
1094 4067 1128 4124 et
1157 4061 1252 4124 sociis
1283 4062 1349 4122 suis
1372 4058 1597 4123 collectoribus
1622 4060 1759 4123 subsidii
1789 4060 1914 4126 domini
1937 4066 2024 4148 regis
2048 4067 2083 4128 in

579 4151 740 4213 comitatu
754 4146 923 4212 Norfollrie
937 4149 972 4212 in
987 4148 1106 4211 ultimo
1120 4148 1337 4232 parliamento
1352 4168 1409 4211 suo
1423 4148 1512 4229 apud
1528 4146 1851 4211 westmonasterium
1866 4150 1900 4212 in
1916 4152 2083 4235 quindena

581 4237 694 4301 Sancti
720 4233 891 4300 Michaelis
919 4235 1038 4299 ultimo
1069 4236 1227 4318 preterita
1255 4240 1348 4299 tento
1377 4234 1520 4297 concessi
1549 4256 1605 4318 per
1641 4232 1910 4323 [sacramentum]
1945 4237 2083 4302 Boberti

580 4326 809 4407 Wyrmegcye,
824 4324 952 4386 Audree
966 4322 1037 4405 Syr,
1051 4319 1224 4386 Michaelis
1246 4321 1358 4405 Parys,
1383 4319 1542 4385 Johannis
1567 4321 1750 4406 Dussyngc,
1776 4320 1936 4387 Johannis
1962 4326 2080 4405 Sbeue‚

579 4412 718 4475 Roberti
746 4411 942 4495 Lyngmoor‚
970 4410 1094 4473 Thome
1124 4408 1221 4487 (iate,
1249 4408 1408 4474 Johannis
1443 4407 1523 4487 Har,
1560 4408 1678 4491 Rogeri
1715 4408 1884 4493 Gesselyn,
1920 4410 2081 4476 Johannis

580 4548 589 4564 .
637 4546 645 4563 .
692 4547 701 4563 .
748 4546 791 4577 .‚
821 4498 973 4582 Hugunis
997 4497 1112 4561 Willes
1136 4505 1170 4560 et
1195 4496 1353 4560 Jobennis
1379 4498 1507 4578 sweyn,
1522 4497 1578 4581 qui
1601 4496 1717 4561 dicunt
1731 4516 1827 4581 super
1841 4512 2080 4564 sacramentum

579 4605 674 4648 suum
690 4586 777 4667 quod
791 4605 902 4649 omnes
918 4604 1051 4667 persone
1064 4585 1100 4647 in
1115 4584 1182 4649 ista
1191 4585 1404 4667 inquisicioue
1414 4584 1581 4647 nominate
1591 4590 1669 4647 sunt
1679 4584 1788 4647 scisite
1800 4590 1833 4647 et
1846 4589 2080 4669 possessionate

578 4678 613 4736 et
627 4692 739 4737 earum
753 4673 899 4755 quelibet
912 4678 964 4735 est
979 4672 1091 4735 scisita
1105 4677 1140 4736 et
1153 4672 1389 4754 possessionata
1403 4669 1444 4732 de
1459 4672 1542 4733 etin
1557 4672 1653 4735 terris
1668 4678 1703 4733 et
1726 4674 1925 4736 tenementis
1951 4676 2016 4737 suis
2042 4677 2077 4737 in

495 4818 498 4825 .
578 4760 741 4823 dominico
767 4779 824 4822 suo
848 4764 886 4823 nt
911 4759 952 4822 de
975 4759 1075 4822 libero
1099 4763 1289 4823 tenemento
1311 4777 1367 4820 suo
1391 4764 1426 4820 et
1442 4764 1554 4820 tenent
1569 4778 1626 4821 seu
1639 4763 1730 4821 tenet
1746 4759 1840 4821 modo
1857 4768 1890 4824 et
1904 4762 2007 4824 forma
2021 4764 2079 4846 qni

578 4848 737 4932 sequitur,
752 4846 914 4926 videlicet,
928 4847 1014 4930 qnod
1023 4870 1077 4910 :-

578 5001 582 5007 .
620 5033 786 5101 lohannes
811 5031 959 5121 Wa[ste]
990 5037 1084 5099 tenet
1105 5035 1142 5099 in
1165 5032 1385 5099 Kmnnsvnorr
1408 5031 1454 5095 di.
1470 5030 1493 5095 t.
1518 5052 1563 5097 m.
1591 5032 1677 5115 qnod
1704 5050 1807 5117 nuper
1831 5033 1897 5096 init
1919 5032 2078 5101 heredum

551 5168 557 5175 -
578 5124 735 5189 Johannis
750 5127 819 5186 atto
834 5121 936 5186 Wods
948 5120 1129 5186 inmediate
1143 5120 1185 5186 de
1204 5120 1367 5184 Willelmo
1382 5117 1508 5204 Leygh.

621 5275 813 5361 Radulphue
836 5275 931 5340 Picot
954 5280 1045 5339 tenet
1064 5274 1092 5361 j.
1108 5277 1131 5340 f.
1149 5296 1195 5341 m.
1210 5278 1244 5339 et
1261 5274 1305 5341 di.
1326 5274 1362 5339 in
1377 5272 1612 5341 Faauvuausu
1627 5273 1737 5352 Furor,
1754 5294 1817 5359 que
1831 5295 1932 5359 nuper
1946 5274 2079 5343 fuerunt

578 5363 728 5429 Nicholai
744 5363 865 5428 Castell
879 5360 915 5427 et
930 5363 1067 5427 Henrici
1084 5362 1234 5428 Bermere
1249 5362 1432 5427 inmediate
1448 5362 1490 5425 de
1504 5361 1619 5424 herede
1634 5360 1791 5424 Willelmi
1808 5362 1902 5427 Roos.

623 5512 769 5578 Heredes
782 5513 940 5579 Johannis
960 5510 1169 5602 [Oopildych]
1190 5520 1307 5578 teuent
1317 5514 1344 5599 j.
1362 5514 1384 5579 i.
1399 5536 1446 5580 m.
1462 5515 1497 5577 in
1519 5512 1752 5580 Wrrnvuouuu
1776 5513 1862 5596 quod
1886 5532 1988 5598 nuper
2011 5515 2077 5579 fuit

580 5602 721 5667 Gslfridi
734 5601 876 5681 Vemon,
890 5603 1068 5667 inmediate
1082 5604 1124 5667 de
1138 5602 1313 5667 heredibus
1328 5603 1347 5665 J
1350 5600 1486 5665 ohannis
1501 5600 1648 5683 Segrave.

621 5751 807 5817 Willelmus
828 5751 953 5837 Leygb‚
967 5751 1073 5832 miles,
1095 5756 1132 5817 et
1145 5752 1330 5816 willelmus
1353 5750 1429 5816 Colo
1451 5754 1566 5813 tenent
1590 5770 1691 5813 unum
1714 5752 1914 5834 quarterium
1936 5752 1960 5816 f.
1976 5772 2023 5819 ru.
2039 5754 2074 5819 in

576 5841 794 5920 Rornnourvn,
832 5840 918 5923 quod
956 5839 1138 5905 Willelmus
1175 5839 1283 5924 Bryan
1320 5846 1355 5904 et
1391 5838 1448 5903 alii
1480 5857 1583 5921 nuper
1613 5844 1799 5916 tenuerunt,
1827 5838 1868 5903 de
1902 5837 2074 5905 heredibus

579 5924 799 5992 Bartholomei
812 5926 906 5993 Pioot
921 5926 1113 5997 inmediatc.
