5000 7050
1099 1090 1183 1164 A·D.
1209 1093 1304 1157 1431.
1894 1091 1956 1155 355

496 1382 517 1445 J
519 1380 672 1460 ohannes,
687 1383 838 1446 dominus
853 1384 893 1446 de
910 1382 1037 1467 Scrope,
1055 1382 1096 1447 de
1112 1380 1261 1446 Mesham
1276 1383 1311 1445 in
1326 1382 1487 1444 comitatu
1502 1380 1637 1445 Eboraci
1652 1382 1719 1444 fuit
1742 1380 1871 1444 scisitus
1892 1383 1954 1444 etc.

454 1468 496 1533 de
512 1471 655 1533 manerio
671 1471 710 1534 de
725 1471 906 1537 Bnauonnn
920 1492 995 1533 cum
1012 1472 1079 1533 suis
1093 1470 1303 1553 pertinenciis
1318 1470 1352 1532 in
1368 1469 1543 1536 Wanrnsu
1558 1474 1594 1532 et
1608 1470 1747 1546 Wrrnu,
1770 1488 1833 1551 que
1848 1467 1957 1530 valent

454 1578 511 1641 per
526 1577 649 1620 annum
665 1558 752 1622 ultra
768 1560 905 1641 reprisas
920 1559 1040 1641 viginti
1052 1560 1086 1622 li.

499 1710 659 1775 Patricius
674 1712 838 1797 Inngdale
854 1713 893 1775 de
907 1711 1072 1775 Waltham
1088 1712 1122 1774 in
1138 1712 1297 1773 comitatu
1312 1709 1491 1787 Lincolnie,
1507 1731 1634 1793 squyer,
1651 1710 1716 1773 fuit
1739 1710 1870 1773 seisitus
1892 1713 1954 1771 etc.

454 1796 496 1860 de
520 1800 664 1861 manerio
686 1800 727 1863 de
751 1801 924 1867 Wrnsnsnr
950 1820 1025 1861 curn
1051 1799 1119 1861 suis
1133 1798 1345 1881 pertinenciis
1359 1798 1393 1858 in
1411 1798 1573 1876 Bnnssnv,
1592 1800 1799 1875 Hsnrnenrn,
1816 1796 1955 1872 Femur,

453 1890 488 1947 et
502 1885 639 1963 Warun,
656 1908 720 1970 que
736 1888 845 1950 valent
861 1908 915 1969 per
931 1907 1053 1949 annum
1068 1886 1153 1948 ultra
1168 1886 1305 1968 reprisas
1321 1885 1572 1967 quatuordecem
1584 1887 1619 1950 li.

498 2037 654 2102 Ricardus
678 2038 775 2123 Hagh
802 2045 842 2102 de
868 2038 966 2123 Hugh
990 2039 1025 2100 in
1052 2039 1211 2102 comitatu
1237 2037 1393 2121 predicto,
1421 2058 1548 2120 squyer‚
1573 2038 1639 2099 suit
1668 2036 1797 2099 seisitns
1825 2040 1888 2099 etc.
1914 2035 1955 2097 de

452 2126 662 2294 prgppsripndp
686 2127 896 2275 {censuum
919 2146 992 2188 cum
1021 2126 1086 2188 suis
1112 2126 1334 2208 pertinenciis,
1363 2131 1398 2188 et
1420 2129 1552 2188 tenetur
1575 2144 1632 2206 per
1647 2119 1819 2186 servicium
1837 2127 1954 2204 quarte

497 2365 541 2426 Et
565 2366 703 2429 ulterius
724 2367 828 2449 jurati
854 2367 995 2450 predicti
1023 2367 1139 2430 dicunt
1163 2366 1249 2450 quod
1276 2367 1387 2428 omnia
1412 2366 1566 2444 maneria,
1584 2369 1677 2443 terre,
1693 2369 1727 2428 et
1753 2367 1955 2437 tenementa,

455 2451 541 2515 unde
557 2455 701 2536 superius
718 2454 755 2517 fit
771 2457 898 2517 mencio
913 2453 951 2517 de
967 2475 1030 2538 quo
1046 2454 1097 2517 vel
1113 2455 1232 2536 quibus
1248 2458 1413 2532 tenentur,
1440 2473 1503 2514 non
1526 2457 1679 2516 tenentur
1702 2472 1760 2535 per
1784 2451 1955 2514 servicium

455 2539 609 2619 militare,
632 2546 666 2603 et
692 2542 778 2623 quod
802 2542 954 2605 dominus
977 2563 1030 2604 rex
1052 2544 1138 2605 inter
1164 2540 1258 2605 feoda
1273 2541 1419 2603 militum
1436 2540 1626 2623 respondere
1640 2540 1750 2604 debet.
1795 2539 1839 2600 Et
1852 2539 1955 2601 eciam

455 2626 569 2690 dicunt
583 2628 668 2711 quod
684 2648 748 2692 non
764 2633 840 2692 sunt
855 2628 949 2712 plura
964 2632 1024 2694 etc.

499 2777 538 2840 In
554 2779 648 2862 cujus
663 2780 708 2843 rei
725 2780 952 2844 testimonium
969 2783 1032 2844 etc.

868 3070 1159 3136 Waesnurscnruu
1183 3090 1227 3135 nn
1249 3068 1545 3135 ASLAKHOWE.

499 3233 679 3317 Inquisicio
694 3236 790 3317 capta
805 3233 893 3317 apud
908 3233 1080 3317 Hospitale
1096 3253 1191 3317 super
1206 3232 1349 3297 Stratum
1372 3232 1424 3296 die
1445 3232 1537 3296 Jovis
1562 3232 1709 3314 proximo
1735 3234 1812 3294 ante
1834 3230 1956 3295 festum

455 3320 569 3383 Sancti
599 3321 732 3384 Hillarii
763 3341 849 3384 anno
878 3322 972 3405 regni
996 3322 1082 3405 regis
1106 3320 1243 3383 Henrici
1273 3321 1357 3383 sexti
1388 3320 1526 3397 decimo,
1550 3339 1658 3383 coram
1682 3318 1806 3381 Thema
1832 3318 1955 3382 Santon

458 3414 524 3487 (etc.
540 3431 577 3473 ce
593 3411 720 3493 before),
740 3429 797 3491 per
812 3414 1050 3472 sacramentum
1077 3409 1234 3472 Johannis
1259 3407 1434 3470 Hardbene
1460 3408 1500 3470 de
1525 3403 1799 3489 Bysshopnorton,
1825 3405 1958 3469 Roberti

455 3495 606 3559 Hothum
635 3495 676 3559 de
708 3494 854 3580 Ounehy,
886 3495 1044 3560 Wiilelmi
1081 3495 1284 3560 Sannderson
1321 3494 1362 3558 de
1399 3494 1524 3572 eadem,
1556 3493 1714 3557 Willelmi
1750 3493 1878 3576 Tyntcn
1915 3492 1957 3555 de

454 3582 886 3668 Gameryngham,Johannis
896 3581 1090 3667 Nettylham
1101 3585 1141 3646 de
1152 3578 1502 3661 Hakthorn,Johannis
1511 3581 1635 3644 Norton
1646 3581 1688 3643 de
1701 3579 1954 3664 Sprydiyngton,

454 3671 588 3734 Roberti
604 3669 801 3752 Gaterynson
818 3671 857 3734 de
872 3669 1022 3755 leghem,
1037 3669 1197 3734 Johannis
1213 3669 1361 3732 Cletham
1375 3669 1415 3732 de
1430 3668 1646 3752 Fylyngham,
1661 3667 1682 3730 J
1684 3666 1818 3729 ohannis
1834 3667 1958 3750 Argent

454 3757 495 3820 de
532 3757 743 3841 Herpeswell,
780 3757 914 3822 Roberti
944 3757 1072 3821 Walter
1108 3759 1147 3822 de
1185 3755 1405 3835 Helmesvvell,
1435 3754 1593 3818 Johannis
1623 3754 1729 3818 Ccdde
1757 3754 1797 3817 de
1827 3753 1955 3832 eadem,

454 3843 615 3908 Johannis
632 3845 748 3910 Warde
763 3845 802 3909 de
817 3843 1053 3930 Wyloughton,
1068 3849 1103 3909 et
1118 3843 1276 3909 Johannis
1292 3844 1453 3906 Fraunces
1474 3843 1515 3906 de
1537 3842 1663 3920 eadem,
1681 3840 1876 3927 juratorum,
1900 3842 1957 3923 qui

455 3932 571 3996 dicunt
585 3953 682 4017 super
698 3938 939 3996 sacramentum
955 3953 1049 3996 suum
1064 3933 1210 4015 quod:-

501 4119 665 4185 Johannes
682 4121 819 4185 Helwell
835 4121 875 4184 de
891 4120 1013 4205 Gunby
1028 4121 1062 4183 in
1077 4121 1239 4184 comitatu
1255 4118 1413 4196 Rutland,
1427 4119 1578 4202 armiger,
1594 4118 1659 4180 {nit
1680 4117 1814 4180 seisitus
1836 4118 1900 4180 etc.
1917 4116 1957 4179 de

456 4209 593 4272 diversis
618 4209 713 4272 terris
737 4213 771 4272 et
794 4209 991 4272 tenementis
1015 4228 1089 4271 cum
1117 4209 1184 4271 suis
1207 4207 1418 4291 pertinenciis
1444 4207 1479 4268 in
1504 4207 1648 4285 Iusnssr,
1673 4210 1707 4267 et
1729 4208 1886 4268 tenentur
1900 4223 1958 4286 per

454 4297 627 4361 servicium
641 4301 755 4379 quarte
771 4298 873 4380 partis
889 4316 944 4361 un.
961 4295 984 4361 f.
1001 4317 1046 4360 m.
1359 4320 1362 4326 ¹

502 4447 606 4510 Adam
622 4443 770 4530 Tirwhyt
784 4446 825 4509 de
840 4444 1087 4530 Buslyngthorp
1114 4446 1148 4508 in
1173 4445 1334 4508 comitatu
1359 4444 1538 4523 Lincolnie,
1565 4442 1716 4527 armiger,
1740 4442 1807 4505 fuit
1831 4441 1959 4504 seisitus

456 4537 529 4685 iddd
532 4534 761 4684 1gitegtpsrapunerifo
773 4533 828 4682 nie
852 4533 1046 4599 Frnrucnsn
1072 4554 1147 4596 cum
1176 4533 1243 4596 suis
1269 4533 1492 4616 pertinenciis,
1517 4536 1552 4596 et
1566 4537 1699 4595 tenetur
1713 4549 1772 4613 per
1786 4529 1956 4594 servicium

499 4768 640 4832 Thomas
666 4768 897 4853 Everyngham
921 4768 962 4832 de
990 4767 1257 4854 Stenbnrghlave
1284 4770 1321 4832 in
1349 4769 1509 4832 comitatu
1538 4767 1684 4847 Eboraci,
1713 4767 1864 4852 armiger,
1892 4767 1959 4831 fuit

456 4857 585 4920 scisitus
600 4860 664 4922 etc.
681 4856 722 4919 de
737 4857 873 4921 diversis
888 4857 983 4920 terris
999 4860 1034 4920 et
1048 4857 1250 4922 tenementis
1265 4877 1340 4920 cum
1355 4856 1422 4921 suis
1436 4856 1648 4939 pertinenciis
1660 4856 1697 4923 in
1718 4855 1958 4934 Frnnrucnsn,

456 4948 491 5008 et
505 4948 662 5008 tenentur
677 4963 734 5028 per
750 4945 923 5008 servicium
938 4944 1130 5010 medietatis
1144 4965 1201 5011 un.
1217 4943 1241 5011 f.
1258 4965 1304 5011 m.

499 5093 663 5159 Johannes
689 5093 895 5159 Kevermond
922 5095 961 5159 de
987 5093 1168 5174 Lincolnie,
1194 5095 1348 5180 armiger,
1371 5099 1405 5158 et
1430 5093 1579 5171 matilda,
1605 5113 1686 5157 uxor
1716 5092 1801 5180 ejus,
1825 5091 1959 5156 inerunt
2065 5157 2071 5170 ,

454 5181 558 5246 seisiti
572 5185 635 5248 etc.
650 5184 691 5246 de
706 5182 841 5246 diversis
856 5183 952 5246 terris
966 5187 1001 5246 et
1017 5183 1215 5246 tenementis
1230 5202 1306 5245 cum
1333 5183 1399 5245 suis
1423 5181 1635 5265 pertinenciis
1657 5181 1694 5244 in
1708 5181 1956 5258 Wrnoucnrou,

454 5275 490 5334 et
504 5274 657 5335 tenentur
670 5290 727 5352 per
741 5271 915 5334 servicium
930 5270 1056 5338 decime
1072 5271 1173 5353 partis
1188 5289 1244 5334 un.
1262 5268 1286 5334 f.
1302 5289 1348 5336 m.

497 5417 663 5483 Johannes
677 5419 827 5503 Tonrnay
843 5419 883 5484 de
898 5419 1025 5503 Caneby
1041 5421 1076 5483 in
1092 5421 1250 5484 comitatu
1268 5419 1447 5498 Lincolnie,
1472 5421 1622 5505 armiger,
1646 5420 1712 5484 fuit
1735 5420 1867 5482 seisitus
1892 5422 1956 5483 etc.

455 5506 496 5568 de
522 5509 667 5570 manerio
690 5507 730 5571 de
756 5507 888 5574 Cancer
904 5528 978 5570 cum
1003 5507 1214 5591 pertinenciis
1239 5509 1275 5571 in
1302 5507 1500 5586 (insunuans,
1516 5513 1552 5571 et
1565 5511 1698 5570 tenetur
1711 5526 1770 5590 per
1785 5504 1958 5568 servicium

454 5601 568 5676 quarte
583 5595 685 5678 partis
699 5613 755 5658 un.
771 5595 793 5659 f.
809 5614 854 5659 m.

499 5746 605 5809 Hamo
631 5745 752 5811 Suttcn
777 5747 818 5811 de
845 5747 1026 5827 Lincolnie,
1052 5747 1203 5830 armiger,
1228 5746 1294 5809 fuit
1325 5747 1457 5809 scisitus
1486 5748 1550 5812 etc.
1575 5747 1616 5809 de
1642 5746 1776 5810 diversis
1802 5745 1898 5808 terris
1923 5748 1957 5806 et

455 5835 661 5984 tenppreprpisf
675 5854 750 5984 edm
777 5835 845 5900 suis
871 5835 1081 5918 pertinenciis
1104 5835 1138 5896 in
1166 5834 1317 5914 Ouussr,
1334 5838 1369 5896 et
1393 5838 1549 5908 tenentur
1572 5854 1628 5916 per
1651 5834 1823 5898 servicium
1838 5832 1954 5915 quinte

456 5941 511 6014 par
620 5970 667 5986 ..
721 5971 728 5987 .
