5000 7050
1053 1149 1057 1156 »
1096 1098 1177 1177 al).
1203 1100 1299 1169 1402.

881 1392 1117 1481 [Huunarruuu
1140 1414 1183 1458 na
1207 1386 1513 1475 FRAMELOND]

489 1553 654 1618 Johaunes
676 1554 821 1639 Burgeys
845 1555 886 1619 de
909 1555 1038 1620 Melton
1064 1559 1157 1619 tenet
1180 1556 1216 1617 in
1242 1554 1384 1620 Mnuuou
1420 1555 1570 1636 quartam
1600 1553 1726 1633 partem
1760 1543 1946 1613 medietatis

445 1660 504 1705 un.
520 1643 544 1707 f.
559 1662 605 1707 m.
622 1642 663 1706 de
678 1642 809 1706 domino
823 1662 901 1728 rege
914 1643 967 1709 ie.
983 1644 1053 1707 sine
1067 1643 1185 1709 medio.

491 1776 642 1857 Matillis,
669 1799 733 1861 que
758 1778 825 1841 fuit
851 1798 930 1841 uxor
955 1775 1112 1842 Johannia
1136 1776 1252 1854 Lucas,
1275 1778 1367 1839 tenet
1390 1776 1425 1837 in
1450 1774 1630 1842 Garrursorre
1653 1771 1787 1838 terciam
1816 1772 1942 1855 partem

445 1884 503 1929 uu.
519 1865 542 1929 f.
558 1885 603 1930 m.
619 1866 659 1929 de
674 1865 805 1929 domino
819 1885 894 1950 rege
909 1866 963 1931 ic.
982 1866 1051 1929 sine
1066 1864 1185 1931 medio.

489 1998 513 2061 J
513 1998 657 2065 ohannes
671 2000 823 2064 Dounton
838 2006 929 2065 tenet
945 2002 980 2063 in
994 2002 1185 2069 Wrrancon
1199 2004 1286 2064 certa
1304 2005 1403 2063 terras
1417 2004 1451 2064 et
1466 2003 1666 2077 tenementa,
1680 2018 1743 2083 que
1759 1996 1867 2063 valent
1889 2014 1945 2081 per

491 2224 579 2289 Item
593 2225 708 2289 dicunt
723 2225 808 2309 quod
824 2245 889 2289 non
904 2230 978 2289 sunt
997 2225 1091 2310 plura
1105 2225 1200 2289 feoda
1215 2226 1362 2289 militum
1376 2229 1469 2289 tenta
1484 2224 1523 2289 de
1538 2224 1669 2288 domino
1682 2244 1758 2310 rega
1772 2224 1807 2286 in
1826 2222 1944 2305 capite,
2066 2230 2074 2245 '

444 2332 507 2375 nec
521 2317 606 2375 terre
620 2317 710 2377 tente
725 2312 766 2377 de
780 2314 911 2377 domino
926 2333 1001 2397 rege
1016 2318 1052 2377 in
1068 2312 1201 2399 sokagio
1216 2314 1251 2376 in
1266 2312 1440 2377 hundredis
1455 2313 1495 2376 de
1520 2312 1659 2377 Goseote
1683 2316 1718 2377 et
1742 2310 1770 2374 F
1770 2308 1946 2385 ramelond,

447 2400 535 2463 unde
549 2401 596 2463 eis
611 2400 653 2463 ad
667 2421 798 2484 presens
812 2406 956 2466 eonstare
971 2405 1088 2485 potest.

492 2511 534 2574 1n
548 2512 641 2597 eujus
655 2516 702 2578 rei
716 2514 953 2594 testimonium,
968 2518 1032 2579 ete.

916 2703 1185 2712 ..nu—..m-

493 2816 674 2902 Inquisieio
688 2824 783 2904 capta
797 2821 884 2905 apud
899 2817 1118 2907 Leycestriam
1132 2821 1185 2885 die
1199 2821 1352 2886 Mercurii
1367 2818 1402 2885 in
1418 2821 1601 2904 septimana
1615 2816 1737 2882 Pasche
1760 2838 1843 2882 anno
1858 2819 1949 2904 regni

450 2906 541 2990 regis
568 2906 704 2970 Henriei
729 2910 838 2992 quarti
860 2913 934 2993 poet
957 2915 1171 2992 conquestum
1194 2911 1294 2973 tercio
1317 2929 1424 2973 coram
1446 2905 1570 2971 Thome
1594 2906 1792 2971 Maurewsrd
1819 2911 1887 2985 (etc.
1912 2930 1948 2971 aa

449 2994 580 3076 before),
594 3014 651 3077 per
675 3003 910 3060 sacramentum
934 2996 1092 3061 Johannia
1115 2996 1453 3081 Jamvyll‚wille1mi
1476 2995 1597 3073 (irene,
1610 2995 1768 3059 Johannia
1795 2993 1948 3079 Gmgory,

448 3079 611 3144 Johannia
634 3086 704 3146 atte
732 3083 897 3161 Personae,
926 3084 1057 3148 Ricardi
1093 3085 1248 3163 Trussell‚
1277 3084 1436 3149 Johannia
1468 3083 1606 3160 Palmer‚
1637 3082 1774 3147 Roberti
1810 3080 1948 3158 Boteler,

447 3167 610 3231 Wiiielmi
631 3169 826 3255 Hardewyn,
851 3171 1008 3235 Johannia
1034 3172 1231 3251 Neweuome,
1254 3170 1411 3235 Johannis
1436 3168 1554 3254 Smyth
1570 3170 1610 3233 de
1627 3168 1776 3249 Stanton,
1793 3168 1948 3233 Willelmi

448 3255 570 3340 Lewyn
586 3261 621 3320 et
635 3257 793 3321 Willelmi
808 3257 980 3340 Marchall,
995 3261 1053 3345 qui
1067 3258 1181 3324 dieunt
1196 3280 1293 3344 super
1307 3264 1544 3324 sacramentum
1560 3277 1655 3321 suurn
1669 3256 1754 3340 quod
1765 3280 1819 3319 :-

932 3458 1169 3548 [Huunaeuun
1191 3457 1465 3548 neumaiam]

484 3621 665 3775 (adimam
694 3623 877 3690 Warrewiei
903 3630 998 3691 tenet
1021 3626 1056 3690 in
1082 3628 1272 3695 Krnwoasn
1299 3649 1354 3692 un.
1371 3625 1395 3694 f.
1411 3647 1456 3692 m.
1484 3624 1523 3689 de
1547 3624 1678 3689 domino
1702 3643 1776 3710 rege
1801 3625 1854 3689 i.e.
1878 3623 1947 3688 sine

446 3732 483 3773 m
539 3732 568 3777 0.
1608 3745 1611 3754 ⁴

494 3845 659 3912 Johaunes
695 3848 918 3914 Walssheman
956 3855 992 3914 et
1028 3851 1140 3931 Eleus,
1167 3872 1248 3915 uxor
1277 3851 1358 3936 ejus,
1388 3853 1503 3915 tenent
1531 3851 1567 3914 in
1599 3849 1711 3919 Souna
1740 3847 1950 3916 Mansuram>

447 3935 674 4000 duodecimam
689 3941 817 4021 partem
831 3958 888 4002 un.
905 3937 929 4004 f.
945 3958 991 4003 m.
1008 3939 1048 4002 de
1063 3939 1194 4003 domino
1208 3961 1285 4024 rege
1300 3940 1354 4005 ie.
1371 3939 1440 4003 sine
1455 3937 1574 4004 medio.

494 4072 680 4157 Stephanus
693 4073 724 4138 le
738 4073 857 4159 Scroop
872 4080 966 4140 tenet
980 4080 1068 4140 certa
1081 4081 1183 4141 terras
1197 4081 1231 4142 et
1245 4081 1434 4142 tenementa
1447 4077 1482 4140 in
1498 4076 1636 4143 Bouron
1651 4079 1684 4138 et
1708 4075 1949 4154 flavianam,

448 4182 514 4247 que
528 4161 640 4226 valent
653 4183 846 4246 perannum
860 4162 985 4249 xviiii.
1002 4184 1068 4229 x.s.
1084 4166 1124 4229 de
1137 4165 1271 4230 domino
1285 4185 1360 4251 rege
1375 4167 1409 4228 in
1426 4163 1557 4250 soksgio
1572 4165 1641 4227 siue
1656 4163 1774 4229 medio.

495 4297 638 4363 Thomas
652 4300 835 4365 Hureeourt
848 4306 941 4365 tenet
954 4306 1043 4366 eerta
1056 4306 1158 4366 terras
1172 4307 1206 4366 et
1221 4306 1411 4366 tenementa
1425 4301 1461 4364 in
1478 4301 1659 4380 Smnuuou,
1674 4317 1737 4381 que
1761 4297 1872 4363 valent
1894 4317 1950 4382 per

449 4406 576 4450 annum
589 4385 698 4471 xviii.
714 4388 753 4452 de
768 4388 900 4453 domino
915 4409 992 4475 rege
1006 4391 1041 4453 in
1056 4390 1189 4474 solangio
1204 4391 1273 4454 sina
1288 4389 1404 4454 medie.

494 4523 661 4589 Johaunes
675 4525 716 4589 de
729 4524 939 4609 Keynesham
952 4532 1042 4592 tenet
1056 4532 1146 4592 certa
1159 4533 1260 4592 terras
1274 4531 1308 4592 at
1323 4530 1512 4591 tenementa
1526 4525 1562 4588 in
1577 4525 1737 4603 Bmsuou,
1763 4543 1826 4607 que
1840 4521 1950 4588 valent

451 4632 644 4697 perannum
659 4633 742 4679 exa.
757 4613 800 4677 de
813 4613 945 4679 domino
959 4635 1034 4701 rege
1047 4618 1083 4680 iu
1100 4614 1231 4701 euhagis
1246 4615 1315 4680 sine
1330 4614 1448 4681 medio.

496 4749 605 4814 Abbas
630 4749 671 4814 de
695 4749 796 4815 Greek
818 4756 912 4815 tenet
937 4754 973 4816 in
999 4753 1161 4820 Invnsuorr
1185 4758 1273 4818 certa
1296 4759 1398 4816 terras
1424 4756 1460 4815 et
1475 4752 1675 4830 tenementa‚
1691 4768 1754 4834 que
1769 4747 1880 4812 valent
1894 4767 1951 4832 per

451 4857 575 4902 annum
591 4835 679 4922 vili.
694 4837 797 4923 xiija.
815 4837 917 4923 iiijal.
933 4840 974 4903 de
988 4840 1120 4906 domino
1133 4860 1208 4926 rege
1222 4842 1258 4904 in
1274 4839 1406 4926 sokagio
1422 4840 1492 4903 sine
1506 4837 1625 4902 medio.

498 4975 592 5040 Idem
604 4975 700 5039 abbas
715 4980 805 5040 tenet
820 4983 907 5040 certa
922 4981 1023 5042 terras
1037 4983 1071 5043 et
1085 4983 1272 5043 tenementa
1283 4979 1318 5042 in
1335 4978 1527 5055 Tarauuar,
1541 4995 1605 5060 que
1620 4973 1729 5039 valent
1749 4993 1804 5056 per
1828 4992 1950 5037 annum

452 5063 544 5146 xlviij
550 5085 592 5128 ‚a
608 5062 711 5146 iiij.d.
728 5067 775 5131 ob.
792 5065 833 5128 de
847 5065 980 5128 domiuo
995 5086 1070 5151 rege
1086 5067 1119 5129 in
1135 5065 1267 5150 sokagio
1283 5067 1352 5129 sine
1366 5063 1484 5129 medio.
1592 5155 1598 5162 “

497 5198 662 5265 Johaunes
688 5200 804 5266 Blaket
831 5207 924 5267 tenet
950 5209 1054 5268 certas
1079 5208 1180 5268 terras
1203 5208 1238 5269 et
1253 5207 1442 5268 tenementa
1457 5203 1492 5264 in
1508 5201 1645 5266 Nnuuou
1661 5199 1874 5282 Essedonas,
1890 5220 1953 5285 que

455 5288 566 5352 valent
579 5309 637 5373 per
651 5308 774 5353 annum
788 5290 899 5354 desem
913 5290 1011 5355 libras
1026 5291 1068 5355 de
1082 5291 1212 5356 domino
1226 5312 1300 5378 rege
1314 5292 1350 5354 in
1365 5288 1497 5374 sokagio
1512 5289 1582 5351 siue
1596 5286 1713 5354 medie.

497 5423 645 5509 Rogerus
674 5424 845 5509 Lesermp,
873 5426 981 5504 miles,
1009 5431 1104 5493 tenet
1132 5428 1168 5491 in
1198 5428 1369 5497 Mnnsuau
1397 5429 1547 5513 quartam
1583 5427 1710 5510 partem
1745 5431 1827 5488 xxm·
1852 5423 1954 5508 partis

455 5531 512 5580 un.
527 5513 551 5576 f.
566 5533 613 5578 m.
630 5513 670 5578 de
685 5513 817 5577 domino
831 5533 908 5598 rege
922 5515 977 5581 iu.
994 5516 1062 5579 sine
1077 5516 1197 5580 medio.

497 5646 590 5713 Idem
614 5643 760 5733 Rogerua
785 5652 878 5713 tenet
901 5650 936 5713 in
959 5650 1131 5720 Mannum
1155 5658 1242 5718 certa
1267 5657 1367 5718 terras
1391 5657 1426 5716 et
1452 5653 1651 5730 tenementa‚
1677 5667 1740 5737 que
1765 5648 1875 5714 valent
1897 5667 1955 5734 per

455 5755 574 5802 anuum
589 5735 705 5820 xlvj.e.
721 5733 796 5805 md.
811 5737 853 5801 de
868 5737 1000 5804 domino
1014 5760 1091 5825 rege
1103 5741 1141 5805 in
1154 5740 1288 5825 sohagio
1303 5741 1374 5806 sine
1389 5739 1509 5808 medio.

492 5873 655 5941 Anketill’
670 5873 711 5938 de
726 5873 848 5960 Houby
861 5879 955 5941 tenet
979 5877 1015 5944 iu
1038 5878 1212 5950 Mannum
1226 5885 1375 5968 quartam
1389 5883 1515 5964 partem
1530 5881 1609 5942 xxm·
1621 5873 1724 5962 partis
1738 5893 1797 5942 un.
1812 5871 1836 5942 f.
1853 5894 1900 5943 m.
1914 5871 1955 5940 de

452 5961 583 6032 domino
598 5982 679 6048 rege
693 5963 748 6029 ia.
765 5964 836 6027 eine
851 5965 973 6034 medio.
