5000 7050
538 1118 580 1194 24
1222 1116 1362 1209 kam„

580 1420 629 1484 De
659 1420 814 1498 Martiae,
842 1424 877 1485 ei
905 1418 1011 1484 Alieia
1040 1439 1148 1483 sorore
1178 1417 1400 1483 Bartholomei
1431 1419 1472 1481 de
1509 1414 1747 1499 Shrynkeiyng‚
1783 1432 1840 1496 pro
1871 1410 1900 1494 j.
1939 1410 1962 1472 f.
2000 1408 2037 1471 in

538 1507 793 1587 Summano,
810 1508 896 1594 quod
909 1508 931 1572 J
933 1506 1075 1572 ohannes
1090 1507 1130 1572 de
1146 1506 1378 1592 Sbrynkelyng
1392 1510 1484 1569 tenet
1503 1502 1575 1583 (eie)
1593 1502 1634 1568 de
1651 1502 1801 1565 Hemone
1816 1497 1986 1647 Creukeril
2010 1603 2028 1646 8

581 1730 631 1793 De
656 1729 818 1795 Willelmo
841 1732 883 1795 de
909 1731 1049 1815 Langele
1076 1752 1142 1815 pro.
1158 1730 1181 1815 ij
1198 1730 1222 1795 f.
1239 1751 1301 1815 que
1324 1728 1515 1812 Redulphue
1537 1726 1634 1791 Peroi
1654 1725 1763 1789 tenuit
1779 1724 1813 1787 in
1830 1723 1987 1787 Kuomon
2003 1724 2037 1782 et

538 1817 740 1885 Rmebeaou
755 1818 796 1884 de
811 1818 929 1883 bonore
944 1819 985 1883 de
1003 1820 1096 1903 Au'go
1117 1851 1840 1870 --------
1926 1807 1988 1891 iiij.
2002 1807 2037 1871 li.

581 1952 629 2016 De
645 1950 816 2018 heredibus
841 1951 1000 2018 Jobannie
1026 1953 1067 2017 de
1093 1952 1256 2037 Geddyng
1286 1970 1343 2035 pro
1373 1949 1443 2034 xvj·
1464 1954 1555 2034 parte
1581 1948 1608 2032 j.
1635 1948 1657 2012 f.
1685 1966 1781 2031 quam
1807 1945 1970 2009 Jobannee
1997 1940 2038 2004 de

539 2040 700 2125 Geddyng
714 2042 822 2104 tenuit
835 2042 870 2103 in
886 2041 1051 2109 (innume
1065 2041 1106 2105 de
1120 2040 1263 2103 Reberto
1277 2040 1318 2102 de
1334 2035 1539 2101 Northbroke
1649 2076 1660 2086 -
1751 2074 1761 2085 -
1850 2032 1887 2116 ij.
1900 2050 1927 2094 e.
1944 2028 1988 2113 vj.
2001 2027 2036 2094 d.

582 2170 631 2235 De
644 2169 793 2234 Jobanne
807 2172 847 2235 de
863 2171 1104 2257 Monyngebam
1120 2191 1179 2254 pro
1192 2179 1249 2233 xx·
1273 2174 1364 2254 parte
1379 2168 1402 2251 j.
1419 2167 1443 2233 f.
1459 2186 1556 2251 quam
1572 2165 1734 2232 Jobannee
1751 2162 1910 2248 Wyberne
1928 2159 2038 2261 temnit

537 2258 825 2325 inBaaenaaeaou
840 2259 880 2322 de
893 2257 1041 2323 Jobanne
1057 2259 1098 2323 de
1114 2256 1233 2322 Sancto
1248 2256 1396 2321 Johanne
1501 2296 1511 2306 -
1601 2295 1612 2305 -
1702 2293 1713 2303 -
1807 2291 1817 2303 -
1907 2265 2037 2331 ·1J.e.

582 2396 630 2459 De
656 2396 752 2461 Petro
778 2397 818 2461 de
841 2396 1065 2481 Geldeeburgb
1092 2418 1150 2481 pro
1171 2397 1197 2483 j.
1223 2398 1246 2462 f.
1274 2396 1319 2461 di.
1347 2396 1432 2480 quod
1459 2393 1625 2458 Johabnee
1650 2392 1833 2475 Malmayne
1862 2389 1973 2453 tenuit
2002 2387 2037 2449 in

538 2484 775 2553 meeema
790 2485 830 2550 de
846 2484 992 2551 Galfrido
1006 2485 1047 2549 de
1062 2484 1125 2568 Say
1147 2517 1868 2537 --------
1957 2477 2000 2539 lx.
2011 2494 2036 2537 a.

580 2620 630 2684 De
653 2620 801 2685 Jobanne
824 2621 897 2686 filio>
915 2619 1074 2685 Johannie
1097 2618 1232 2705 Oolkyn,
1266 2620 1383 2685 abbate
1407 2620 1448 2685 de
1480 2618 1599 2683 Sancto
1631 2617 1763 2695 Albano,
1794 2613 1967 2679 Edmundo
1995 2614 2036 2679 de

537 2707 667 2785 boholt,
693 2707 830 2773 Ricardo
848 2709 917 2773 filio
945 2709 1075 2773 Rieardi
1100 2709 1140 2773 de
1165 2709 1321 2793 Retlyng,
1352 2714 1388 2771 eb
1417 2706 1611 2791 pareenariie
1641 2705 1719 2780 euie,
1748 2723 1805 2787 pro
1837 2702 1865 2785 j.
1897 2701 1920 2767 f.
1938 2702 2035 2797 'quod

537 2793 703 2860 Jobannee
717 2795 843 2880 Celkyn
858 2798 967 2860 tenuit
980 2797 1067 2881 apud
1082 2797 1175 2863 Eeoa
1188 2803 1224 2860 et
1238 2796 1454 2863 Fanenevma
1469 2795 1509 2858 de
1524 2792 1671 2858 Galirido
1688 2791 1727 2855 de
1743 2790 1807 2873 Sey
1853 2829 1863 2840 -
1952 2789 1994 2855 xl.
2005 2810 2032 2858 e.

625 2934 914 3018 Summa-xxvij.
926 2936 961 3000 ii.
977 2933 1039 3019 iiij.
1050 2955 1075 2998 a.
1091 2933 1136 3020 vj.
1147 2936 1179 3000 d.
1196 2955 1254 3019 pro
1267 2934 1338 3018 xiij.
1359 2934 1383 2999 f.
1400 2934 1445 2999 di.
1463 2941 1497 2999 v·
1510 2938 1610 3017 parte,
1626 2936 1660 2995 et
1674 2930 1764 2993 lxxx·
1785 2934 1877 3015 parte
1891 2930 1915 3016 j.
1933 2927 1955 2997 f.

972 3226 1192 3294 Huanaanua
1213 3247 1258 3292 na
1281 3225 1605 3295 BEAUSBERWE.

583 3409 633 3473 De
659 3408 808 3475 Johanne
822 3411 863 3474 de
877 3408 972 3495 (byei
986 3432 1044 3495 pro
1058 3412 1083 3497 j.
1101 3412 1124 3477 f.
1140 3412 1225 3496 quod
1242 3411 1418 3477 Nieholaue
1433 3413 1475 3476 de
1491 3412 1582 3498 Cryel
1597 3417 1632 3478 et
1649 3412 1832 3476 Willelmue
1847 3412 2038 3497 Hokymour

539 3502 717 3564 tenuerunt
730 3500 763 3562 in
781 3498 938 3566 Oxauam
952 3498 994 3568 de
1009 3499 1141 3565 baronia
1154 3501 1194 3565 de
1209 3499 1405 3566 Folkeetane
1452 3541 1867 3554 -----
1956 3502 1999 3565 xl.
2010 3521 2037 3566 e.

549 3651 551 3654 ·
582 3636 631 3700 De
659 3633 782 3699 Thema
811 3636 852 3699 de
881 3637 1056 3722 Reblynge‚'
1083 3644 1117 3701 eb
1145 3637 1263 3703 abbate
1294 3638 1334 3702 de
1365 3638 1539 3724 Langedon
1568 3659 1626 3722 pro
1662 3639 1707 3703 di.
1739 3638 1761 3705 i.
1792 3639 1878 3724 quod
1909 3638 2039 3704 heredes

539 3722 697 3790 Jobanaie
713 3723 884 3809 Ronynbon
900 3729 1077 3788 tenuerunt
1094 3726 1130 3788 in
1145 3725 1329 3792 benennon
1345 3726 1385 3790 de
1400 3727 1547 3791 Hemone
1563 3725 1704 3790 Greuker
1749 3767 1760 3778 -
1851 3767 1862 3778 -
1949 3749 2038 3794 xm.

584 3859 631 3921 De
646 3857 772 3943 Rogero
786 3859 828 3922 de
843 3857 1067 3937 Nortbewode,
1076 3860 1194 3939 milite,
1203 3881 1260 3945 pro
1275 3861 1320 3926 di.
1339 3862 1361 3926 f.
1379 3861 1465 3944 quod
1481 3861 1644 3926 Johannee
1658 3861 1698 3925 de
1714 3861 2040 3928 Northewodebenuit

538 3949 573 4010 in
588 3948 787 4013 Baeueeann
802 3946 841 4010 de
854 3945 972 4011 abbate
987 3945 1099 4010 Saneti
1114 3948 1294 4032 Augustini
1341 3986 1859 4003 ------
1948 3973 1999 4018 xx.
2011 3973 2037 4018 e.

583 4083 630 4146 De
654 4081 803 4146 Jobanne
829 4083 964 4167 Monyn,
990 4104 1046 4167 per
1072 4105 1205 4148 uxorem
1235 4106 1340 4165 auam,
1367 4090 1399 4150 et
1441 4084 1612 4152 heredibus
1642 4087 1763 4151 Thome
1794 4087 1853 4150 filii
1883 4085 2040 4153 Johannie

540 4170 735 4255 Malmayns,
751 4170 792 4233 de
807 4171 891 4247 Hoo,
905 4191 963 4254 pro
977 4172 1023 4237 di.
1040 4171 1063 4236 f.
1080 4173 1166 4256 quod
1182 4171 1317 4238 heredes
1332 4172 1481 4238 Nioholei
1507 4173 1601 4261 Cryel
1627 4176 1667 4239 de
1696 4173 1839 4239 Sheldon
1865 4179 2041 4240 tenuerunt

539 4258 625 4341 apud
641 4259 796 4324 Ismene
810 4258 851 4323 de
866 4257 953 4322 dicio
968 4257 1085 4324 abbate
1137 4300 1860 4315 --------
1948 4283 2000 4328 xx.
2010 4284 2039 4330 e.

583 4395 632 4459 De
657 4393 772 4459 abbate
797 4394 838 4458 de
861 4393 1039 4480 Langedon
1062 4417 1118 4478 pro
1143 4397 1168 4482 j.
1191 4397 1214 4463 f.
1239 4398 1326 4482 quod
1353 4399 1435 4462 Lora
1460 4399 1640 4482 Malmeyne
1668 4401 1777 4464 tenuit
1802 4401 1838 4463 in
1864 4401 1940 4466 dote
1955 4404 2040 4486 apud

540 4485 697 4550 Arumoe
712 4482 752 4545 de
768 4483 899 4546 baronia
914 4484 953 4546 de
967 4483 1044 4569 May
1062 4481 1133 4564 (eie)

584 4617 634 4681 De
660 4615 824 4680 Wiilelmo
847 4617 887 4680 de
911 4614 1061 4681 Orlaeton
1088 4639 1146 4701 pro
1174 4619 1220 4684 di.
1248 4621 1411 4703 quarterio
1435 4620 1463 4705 j.
1495 4620 1519 4684 f.
1549 4621 1636 4704 quod
1662 4619 1795 4686 heredes
1818 4619 1977 4685 Jobannie
2002 4623 2042 4686 de

542 4704 689 4770 Oriaeton
706 4707 882 4768 tenuerunt
899 4705 986 4788 apud
1003 4705 1282 4774 Noaaneoeoema
1298 4708 1444 4772 dedicta
1459 4709 1591 4773 baronia
1671 4750 1682 4760 -
1773 4749 1784 4760 -
1874 4749 1885 4760 -
1974 4731 2003 4773 v.
2014 4735 2041 4776 a.

590 4839 656 4929 [De
681 4842 825 4925 predicto
850 4840 1025 4920 Willelmo,
1051 4847 1086 4907 eb
1110 4842 1260 4909 Johanne
1281 4843 1420 4933 Monyn]
1442 4866 1499 4930 pro
1514 4845 1537 4931 j.
1554 4847 1717 4930 quarterio
1731 4845 1755 4931 j.
1772 4846 1794 4910 f.
1813 4847 1897 4929 quod
1914 4845 2043 4910 heredes

540 4930 678 5015 predicti
694 4929 853 4992 Johannie
867 4934 1045 4995 tenuerunt
1060 4931 1148 5015 apud
1164 4932 1442 5028 Nonaneopoeaaa
1457 4934 1496 4997 de
1511 4936 1622 4998 eadem
1638 4934 1769 4998 baronia
1873 4974 1884 4985 -
1971 4953 2002 4997 x.
2015 4957 2041 4999 e.

591 5064 655 5154 [De
668 5067 823 5152 magistro
836 5065 960 5131 Domus
975 5068 1038 5133 Dei
1054 5067 1224 5157 Devorrie]
1246 5091 1304 5155 pro
1318 5072 1363 5138 di.
1381 5071 1405 5137 f.
1422 5072 1509 5156 apud
1524 5073 1702 5141 Comama
1718 5073 1758 5136 de
1774 5072 1888 5136 eadem
1903 5072 2042 5136 baronia.

603 5201 608 5209 .
631 5211 634 5216 .
1949 5180 2001 5226 xx,
2014 5183 2041 5224 e.

542 5382 564 5447 b
592 5290 656 5394 [De
691 5291 806 5356 eodem
843 5289 1017 5380 magistro]
1054 5313 1112 5377 pro
1140 5294 1165 5380 j.
1197 5297 1362 5379 quarterio
1388 5296 1414 5382 j.
1442 5296 1466 5363 f.
1493 5298 1579 5383 apud
1603 5298 1840 5368 anaeaana
1869 5297 1908 5361 de
1933 5297 2042 5362 eadem

565 5399 674 5446 ηοω
738 5419 1865 5437 ............
1954 5403 2042 5449 m,

592 5510 652 5599 [Et
677 5535 741 5579 non
768 5515 909 5579 reddunt
935 5513 991 5603 de]
1024 5539 1114 5585 xm.
1129 5520 1246 5604 prodi.
1263 5521 1286 5585 f.
1303 5523 1388 5606 quod
1413 5526 1500 5608 prior
1527 5525 1638 5593 Sancti
1664 5522 1823 5588 Johaanie
1839 5523 1945 5587 tenuit
1959 5523 2044 5608 apud

543 5598 760 5669 Gomeeeome
770 5604 807 5667 in
822 5623 937 5687 puram
952 5617 987 5668 et
1001 5612 1191 5690 perpetuam
1209 5609 1418 5674 elemosinam
1429 5633 1487 5696 per
1497 5612 1591 5677 breve
1605 5613 1701 5698 regie,
1711 5610 1803 5695 eujus
1814 5613 2043 5695 transcriptum

542 5684 736 5754 baiorotulo
751 5689 963 5756 attaebiatur.

547 5815 549 5821 '
592 5816 657 5905 [De
687 5817 869 5907 Willelmo]
904 5820 1039 5903 Archer,
1069 5832 1102 5891 et
1131 5829 1256 5893 Thema
1285 5832 1325 5895 de
1355 5831 1554 5916 Wbyteield,
1582 5855 1640 5917 pro
1669 5834 1714 5898 di.
1746 5831 1768 5898 f.
1799 5831 1885 5917 quod
1914 5833 2046 5898 heredes

545 5905 702 5990 Stephani
718 5908 758 5972 de
773 5907 904 5972 Bokton
919 5915 1097 5979 tenuerunt
1113 5919 1200 6001 apud
1215 5917 1397 5988 maenaa
1413 5920 1454 5984 de
1470 5920 1584 5986 eadem
1599 5922 1732 5985 baronia
1754 5959 1765 5972 ·
1856 5958 1867 5971 -
1955 5942 2007 5986 xx.
2018 5943 2044 5988 e.
