5000 7050
1039 1097 1124 1167 A.D.
1147 1099 1376 1167 1401-1402.
1891 1097 1956 1162 243

494 1383 672 1470 Episcopus
695 1384 925 1453 Dunolmensis
949 1393 1042 1454 tenet
1064 1392 1102 1454 in
1124 1390 1355 1470 Baonnnsss,
1379 1391 1479 1458 Wass
1496 1355 1715 1470 Ravennam,
1738 1389 1951 1469 Ponansrow,

448 1471 616 1551 Peraean,
625 1475 810 1553 Geraneae,
822 1477 1016 1554 Lacaenas,
1025 1482 1060 1540 et
1074 1479 1217 1556 anessa,
1226 1480 1291 1542 duo
1307 1479 1330 1544 f.
1347 1480 1495 1564 quintam
1512 1483 1639 1562 partem
1655 1499 1711 1542 un.
1725 1477 1749 1543 s.
1761 1498 1805 1542 m.
1822 1477 1862 1541 de
1876 1495 1951 1561 rege

447 1580 501 1710 2¹2
501 1563 764 1713 11potshppppellam
794 1565 1020 1648 temporalium
1050 1567 1252 1650 episcopatus
1266 1565 1495 1630 Dunolmensis
1518 1567 1553 1629 in
1577 1586 1690 1650 puram
1706 1569 1741 1630 et
1762 1569 1952 1648 perpetuam

494 1770 652 1836 Dominus
678 1773 718 1837 de
745 1772 836 1839 Bello
861 1776 976 1839 Monte
1000 1780 1091 1839 tenet
1116 1778 1152 1839 in
1176 1775 1322 1854 Fanmr,
1348 1778 1566 1856 Hoaxasrow,
1590 1777 1736 1855 Bassos,
1751 1777 1952 1858 Lsunnwon,

449 1858 638 1939 Pnoassar,
668 1861 891 1942 muana,
919 1869 952 1926 et
978 1863 1123 1930 Haemo
1147 1864 1190 1948 vj.
1216 1863 1239 1928 f.
1265 1869 1300 1927 et
1324 1866 1368 1931 di.
1395 1865 1434 1928 de
1460 1865 1592 1928 domino
1615 1885 1689 1949 rege
1715 1866 1768 1929 io.
1784 1886 1841 1948 per
1866 1867 1952 1950 qnod

450 1949 623 2011 servicium
651 1950 814 2033 ignorant,
843 1958 878 2015 et
905 1951 994 2015 idem
1019 1951 1171 2015 dominus
1197 1951 1238 2014 de
1267 1951 1358 2016 Bello
1383 1952 1499 2016 Monte
1525 1957 1575 2016 est
1600 1952 1686 2016 infra
1711 1957 1834 2017 etatem
1859 1959 1893 2017 et
1916 1953 1952 2017 in

449 2035 597 2098 custodia
613 2036 739 2100 domini
753 2039 851 2122 regis.

492 2167 671 2250 Episcopus
695 2169 931 2233 Lincolniensis
953 2174 1049 2233 tenet
1068 2170 1102 2233 in
1118 2169 1278 2246 Wnanax,
1292 2169 1444 2248 Euentu,
1460 2171 1608 2248 Baxanx,
1623 2171 1772 2249 Kauana,
1787 2171 1951 2251 (laoxnon,

449 2253 595 2333 Usener,
609 2256 764 2334 Woarou‚
780 2257 968 2336 Gonxnmn,
985 2257 1196 2334 Kaucaansx,
1211 2257 1449 2335 Pnosoasnnx,
1464 2259 1629 2338 Banasaa,
1646 2259 1828 2338 Wsnuoar,
1850 2260 1953 2338 Onna,

450 2341 619 2420 Oanasax,
649 2350 683 2407 et
713 2345 870 2412 Ursanax
898 2347 954 2431 vij.
984 2345 1008 2410 f.
1038 2349 1073 2408 et
1101 2366 1153 2410 xx.
1180 2352 1306 2427 partem
1333 2365 1387 2410 un.
1416 2346 1440 2410 f.
1468 2345 1508 2408 de
1532 2367 1607 2432 rege
1632 2347 1684 2412 i.c.
1709 2353 1748 2410 ut
1773 2348 1948 2430 parcellam

447 2430 679 2513 temporalium
693 2434 897 2517 episcopatus
912 2432 1081 2496 Lincolnie
1094 2432 1130 2495 in
1144 2452 1260 2516 puram
1275 2437 1309 2496 et
1324 2438 1516 2516 perpetuam
1532 2433 1757 2502 elemosinam.

492 2567 606 2633 (lomes
631 2569 755 2636 Kaucie
781 2575 872 2635 tenet
888 2571 929 2633 de
944 2590 1016 2634 soca
1031 2571 1070 2633 de
1085 2569 1212 2638 cassan
1228 2591 1299 2636 xxx.
1315 2569 1446 2634 libratas
1461 2577 1543 2635 terre
1557 2573 1593 2635 in
1608 2572 1736 2655 socagio
1750 2571 1791 2636 de
1805 2591 1881 2656 rege
1896 2577 1950 2639 ic.

449 2660 483 2720 et
498 2658 752 2721 committuntur
765 2657 937 2721 Francisco
952 2657 1070 2723 Courte
1084 2656 1231 2722 habende
1257 2678 1359 2743 usque
1381 2659 1422 2722 ad
1446 2658 1630 2742 legitimam
1656 2663 1780 2723 etatem
1804 2657 1951 2744 ejusdem

449 2745 591 2823 comitis,
606 2747 662 2830 qui
678 2750 729 2808 eat
743 2746 828 2810 infra
842 2750 965 2810 etatem
981 2751 1016 2809 et
1031 2747 1067 2809 in
1081 2745 1229 2810 custodia
1244 2745 1368 2809 domini
1384 2747 1480 2831 regis.

468 2971 475 2985 ι
492 2881 720 3034 idemdicomes
744 2887 836 2947 tenet
859 2882 992 2968 xxxviij.
1007 2883 1140 2946 libratas
1162 2888 1246 2948 terre
1270 2884 1310 2947 de
1336 2903 1407 2948 soca
1423 2884 1464 2947 de
1479 2884 1612 2950 annss
1626 2884 1660 2948 in
1677 2885 1803 2969 socagio
1819 2884 1859 2948 de
1874 2904 1950 2970 rege

449 2989 517 3034 ame
531 2990 584 3035 me
621 2991 651 3036 o.
1616 2998 1620 3006 ’

491 3101 583 3205 ldem
599 3123 706 3168 comes
720 3106 814 3168 tenet
827 3102 869 3167 de
883 3122 958 3189 rege
971 3104 1025 3170 i.c.
1039 3104 1074 3167 in
1091 3103 1225 3171 Unanax
1239 3102 1281 3168 de
1305 3103 1399 3168 feodo
1422 3102 1474 3168 del
1499 3102 1574 3187 Hay
1590 3104 1633 3190 vj.
1649 3104 1781 3168 libratas
1805 3106 1889 3170 terre
1914 3106 1950 3169 in

446 3209 462 3252 s
554 3210 583 3255 o.

463 3209 650 3380 oellfflnirius
676 3315 764 3401 Gray
789 3318 830 3381 dc
855 3316 1024 3382 (loddenor
1047 3322 1141 3383 tenet
1162 3319 1276 3383 villam
1302 3318 1343 3382 de
1371 3319 1478 3388 Saxas
1500 3317 1541 3382 de
1567 3319 1698 3382 domino
1721 3339 1797 3403 rege
1821 3320 1873 3384 i.c.
1889 3338 1949 3402 par

446 3403 630 3488 serjantiam
644 3405 795 3488 portandi
810 3424 909 3468 unam
924 3405 1048 3491 virgam
1062 3427 1170 3470 coram
1186 3407 1318 3472 domino
1333 3427 1407 3492 rege
1422 3409 1456 3470 in
1472 3407 1527 3471 die
1541 3406 1670 3470 Natalis
1691 3405 1835 3486 Domini,
1862 3407 1891 3469 si
1914 3408 1949 3469 in

446 3511 503 3556 sua
517 3493 681 3576 presencia
695 3491 804 3560 fuerit.

490 3632 596 3696 Adam
610 3632 651 3697 de
665 3632 894 3716 Everyngham
909 3636 1001 3695 tenet
1016 3634 1051 3695 in
1065 3632 1217 3712 Etanna,
1232 3653 1289 3699 un.
1306 3633 1330 3698 f.
1347 3654 1390 3697 m.
1406 3635 1535 3717 detege
1550 3633 1601 3697 ic.

490 3769 663 3872 Philippus
686 3770 826 3855 Sponsor
847 3774 939 3834 tenet
964 3771 1000 3833 in
1024 3771 1213 3838 Larissaea
1237 3770 1359 3837 Maesa
1374 3792 1403 3838 x.
1418 3770 1550 3833 libratas
1575 3774 1658 3833 terre
1681 3769 1722 3833 de
1748 3790 1821 3854 rege
1843 3771 1895 3836 ic.
1911 3771 1947 3833 in

447 3878 585 3942 socagro.

491 3985 584 4048 Prior
613 3983 795 4068 Hospitalis
826 3982 938 4049 Sancti
967 3983 1125 4049 iohannis
1154 3985 1336 4049 Jerusalem
1365 3986 1400 4049 in
1425 3983 1545 4069 Anglia
1574 3987 1668 4047 tenet
1692 3985 1727 4048 in
1759 3985 1947 4053 Lmanaon

447 4072 570 4139 Macran
585 4092 640 4139 un.
653 4071 679 4140 f.
692 4092 738 4136 m.
754 4072 795 4136 dc
810 4093 886 4156 rege
902 4073 956 4139 i.a.
973 4074 1008 4135 in
1022 4094 1137 4157 puram
1152 4080 1187 4137 et
1201 4079 1393 4158 perpetuam
1407 4072 1625 4136 elemosinam.

490 4210 673 4273 Normanus
689 4209 729 4272 de
746 4210 828 4293 Arcy
843 4214 937 4273 tenet
951 4212 986 4273 in
1005 4210 1270 4277 Scanauonnaon
1285 4216 1319 4274 et
1335 4210 1472 4277 Kanaax
1487 4230 1541 4275 un.
1552 4209 1574 4274 f.
1586 4230 1631 4274 m.
1641 4212 1676 4273 et
1690 4209 1735 4274 di.
1749 4208 1789 4271 de
1804 4229 1878 4293 rege
1893 4210 1945 4276 i.c.

448 4435 469 4500 d
490 4346 675 4449 Willelmus
690 4347 789 4430 Hagh
803 4352 894 4411 tenet
908 4348 944 4411 in
960 4347 1113 4428 Hnnxuo,
1126 4348 1274 4430 Kanass,
1284 4354 1317 4413 et
1336 4348 1600 4416 armassemus
1615 4348 1663 4431 iij.
1676 4352 1782 4431 partes
1798 4367 1853 4412 un.
1867 4348 1890 4413 f.
1902 4369 1946 4414 m.

470 4455 488 4498 e
502 4456 580 4520 rege
594 4456 649 4501 ac.

490 4563 665 4628 Nicholaus
679 4564 720 4627 de
734 4564 818 4647 Arcy
834 4567 924 4627 tenet
939 4565 974 4626 in
990 4564 1159 4632 ΗΔΒυιιοΗ
1173 4566 1223 4649 iij.
1241 4569 1350 4650 partes
1365 4586 1420 4629 un.
1437 4565 1459 4629 f.
1476 4585 1520 4629 m.
1537 4563 1578 4626 de
1592 4583 1667 4647 rege
1682 4563 1735 4630 i.c.

488 4701 672 4766 Willelmus
685 4701 728 4765 de
743 4700 921 4785 Skypwyth
937 4701 976 4765 de
990 4700 1148 4788 Haburgh
1171 4709 1206 4766 et
1228 4702 1368 4767 Thomas
1394 4700 1492 4784 Hagh
1516 4706 1631 4765 tenent
1656 4702 1691 4764 in
1716 4700 1885 4767 Hsannax
1913 4706 1946 4765 et

447 4789 665 4857 Kmunnoson
679 4810 734 4853 un.
750 4789 773 4854 f.
788 4809 834 4855 m.
850 4790 980 4874 detege
995 4791 1049 4855 i.c.
1065 4791 1152 4855 unde
1166 4790 1306 4854 Thomas
1321 4792 1362 4853 de
1378 4788 1477 4874 Hagh
1493 4794 1585 4853 tenet
1600 4788 1689 4875 iiij-¹¹¹
1706 4793 1843 4872 partem.

489 4924 651 5029 Hepricus
665 4925 707 4988 de
723 4922 828 5007 Saxby
843 4929 937 4987 tanet
959 4925 994 4986 in
1018 4925 1142 4991 (lamna
1167 4924 1245 5010 iiijc
1263 4923 1397 4988 libratas
1422 4928 1507 4987 terre
1532 4921 1573 4985 de
1597 4942 1670 5005 rege
1697 4923 1766 4985 sine
1789 4924 1885 4986 medo
1910 4922 1945 4985 in

557 5034 587 5079 o.

450 5032 591 5205 ⁸⁰⁰&
607 5141 648 5204 de
663 5136 892 5223 Everyngham
908 5143 1000 5203 tenet
1015 5140 1049 5204 in
1065 5140 1214 5207 Waauaa
1229 5161 1286 5207 un.
1302 5141 1325 5206 f.
1341 5160 1385 5204 m.
1401 5139 1441 5202 de
1456 5158 1532 5223 rege
1548 5137 1618 5200 sine
1633 5137 1749 5204 medic.

489 5274 672 5340 Willelmus
686 5273 822 5338 Bardolf
833 5278 925 5336 tenet
939 5275 975 5337 in
991 5274 1139 5343 Wasuar
1154 5281 1190 5339 et
1205 5276 1363 5343 Banucnn
1378 5293 1433 5339 un.
1448 5274 1471 5339 f.
1487 5295 1532 5339 m.
1549 5272 1590 5337 de
1605 5294 1680 5359 rege
1695 5275 1748 5340 i.c.

491 5410 603 5476 Comes
625 5411 760 5489 Kaucie‚
778 5410 928 5473 dominus
950 5410 991 5475 de
1019 5409 1234 5496 Cotyngham‚
1249 5418 1341 5476 tenet
1356 5414 1391 5475 in
1406 5412 1521 5478 Tuom>
1535 5412 1580 5475 di.
1596 5411 1618 5475 f.
1636 5431 1680 5475 m.
1698 5410 1739 5473 de
1754 5431 1829 5497 rege
1844 5411 1895 5477 ic.
1911 5417 1946 5475 et

447 5506 496 5564 est
509 5502 542 5564 in
559 5519 660 5565 manu
674 5499 760 5583 regis
774 5500 906 5562 nomine
921 5501 1068 5564 custodie
1082 5506 1167 5563 terre
1182 5506 1216 5563 et
1231 5501 1424 5564 hereditatis
1440 5500 1571 5562 comitis
1586 5498 1721 5565 Kaucie.

489 5638 579 5703 Prior
592 5640 634 5703 de
648 5636 795 5701 Nustede
809 5640 900 5699 tenet
914 5636 948 5699 in
965 5636 1142 5704 (lanosum
1158 5641 1193 5700 et
1207 5636 1376 5704 Housuna
1392 5656 1422 5702 x.
1437 5635 1572 5699 libratas
1587 5640 1669 5698 terre
1685 5634 1724 5698 de
1744 5654 1821 5719 rege
1841 5636 1893 5701 i.c.
1910 5636 1943 5699 in

446 5745 558 5807 puram
573 5732 607 5792 et
621 5730 812 5809 perpetuam
827 5722 1046 5791 elemosinam.

489 5860 579 5924 Prior
593 5862 633 5925 de
647 5857 768 5923 Sixhill
783 5863 876 5921 tenet
892 5858 924 5922 in
943 5860 1031 5927 'Pons
1046 5857 1109 5947 [et]
1126 5860 1254 5938 Neron,
1270 5858 1311 5920 de
1327 5855 1446 5921 honora
1461 5857 1501 5921 de
1515 5856 1634 5934 Dover‚
1648 5857 1735 5939 quod
1754 5854 1823 5935 (sic)
1843 5862 1894 5919 est
1909 5856 1944 5919 in

446 5964 544 6011 manu
559 5950 656 6034 regia,
670 5967 726 6012 un.
741 5946 765 6013 f.
781 5966 826 6011 m.
842 5947 878 6008 in
892 5967 1007 6031 puram
1022 5955 1056 6011 et
1072 5952 1268 6031 perpetuam
1285 5945 1503 6009 elemosinam.
