5000 7050
1113 1104 1195 1169 ab.
1221 1105 1315 1169 1428.
1897 1098 1959 1166 279

502 1379 551 1444 De
565 1383 671 1466 priore
685 1386 727 1448 de
743 1385 859 1450 Sixbill
874 1410 932 1473 pro
944 1389 1019 1473 iiij⁸⁵
1039 1396 1133 1472 parte
1146 1410 1200 1454 un.
1212 1391 1235 1454 f.
1246 1410 1291 1454 m.
1302 1390 1336 1451 in
1349 1389 1606 1465 Garumnsons,
1618 1406 1714 1471 qnam
1727 1383 1960 1468 predecessores

458 1469 689 1622 qqiquondam
704 1477 892 1540 tenuerunt.
936 1476 1057 1555 Niohil,
1071 1478 1147 1560 quia
1161 1477 1354 1540 decimabile
1376 1472 1579 1563 [cancellati]
1624 1474 1903 1558 Superonerantur
1918 1471 1958 1534 de
2009 1561 2014 1574 .

503 1668 552 1732 De
575 1671 764 1737 tenentibus
788 1678 948 1739 terrarum
971 1675 1133 1760 quondam
1150 1676 1308 1741 Willelmi
1333 1674 1514 1740 Hardishill
1540 1695 1598 1758 pro
1623 1675 1672 1737 ix·
1693 1677 1785 1757 parte
1811 1691 1866 1736 un.
1882 1669 1905 1734 f.
1922 1671 1958 1733 in

459 1755 675 1824 Connwmnn.
721 1759 843 1841 Niohil,
858 1765 936 1843 quia
950 1769 1062 1828 contra
1077 1769 1140 1830 etc.

502 1893 552 1956 De
574 1895 682 1980 aliquo
704 1898 847 1962 subsidio
870 1901 915 1965 di.
940 1899 965 1965 i.
982 1922 1025 1966 m.
1043 1902 1077 1964 in
1104 1902 1173 1968 Esr
1200 1902 1322 1980 Rssru,
1348 1900 1433 1984 quod
1462 1899 1620 1986 Robertus
1648 1899 1767 1962 Bretcn
1794 1897 1957 1982 quondam

457 1982 577 2058 tenuit,
614 2003 678 2046 non
716 1987 922 2069 respondent,
958 2009 997 2052 eo
1032 1990 1119 2072 quod
1157 1989 1315 2052 dividitur
1351 1991 1436 2051 inter
1472 1989 1655 2070 priorissam
1685 1987 1724 2051 de
1754 1983 1959 2060 Groneielde,

398 2115 401 2119 ⁷
457 2066 643 2133 Johannem
656 2070 834 2157 Thorysby‚
846 2073 868 2136 J
869 2073 1029 2140 ohannem
1044 2076 1230 2159 Morebury,
1244 2083 1279 2140 et
1294 2077 1383 2152 alios,
1399 2081 1432 2138 et
1447 2075 1555 2147 nullus
1571 2095 1681 2138 eorum
1698 2079 1788 2138 tenet
1802 2092 1902 2158 usque
1915 2070 1958 2133 ad

458 2155 559 2238 iiijmn
574 2163 700 2240 partem
715 2160 739 2224 f.
756 2182 800 2223 m.
816 2162 901 2226 sicut
914 2165 1100 2228 continetur
1115 2171 1177 2229 etc.
1223 2164 1254 2226 N
1256 2162 1347 2242 ichil,
1362 2183 1455 2226 causa
1470 2162 1642 2226 consimili.

503 2289 571 2352 Nec
593 2295 786 2378 respondent
806 2296 846 2358 de
870 2296 979 2380 aliquo
994 2296 1181 2380 hujusmodi
1196 2298 1339 2360 subsidio
1354 2296 1397 2361 di.
1414 2297 1437 2361 f.
1454 2318 1498 2361 m.
1516 2297 1633 2380 xxxiiJ'·
1655 2302 1746 2380 parte
1762 2301 1907 2379 excepta,
1922 2297 1957 2358 in

457 2376 631 2458 Wsnnsau
648 2382 733 2466 quod
749 2382 950 2461 Elisabetha,
964 2383 1106 2469 quescit
1120 2405 1200 2449 uxor
1215 2384 1348 2447 Ricardi
1363 2383 1474 2459 Biton,
1489 2384 1652 2466 quondam
1667 2386 1785 2460 tenuit,
1808 2404 1845 2446 eo
1870 2387 1957 2466 quod

458 2463 619 2530 dividitur
639 2469 727 2531 inter
751 2469 890 2533 diversos
904 2476 1066 2549 tenentes,
1081 2473 1138 2556 qui
1152 2472 1234 2535 illud
1251 2478 1367 2536 tenent
1382 2492 1439 2553 per
1456 2491 1488 2533 sc
1504 2472 1688 2553 separatim,
1703 2470 1855 2534 videlicet
1870 2472 1957 2534 inter

458 2549 641 2617 Henricnm
659 2556 817 2642 Walesby,
831 2558 853 2621 J
854 2559 1017 2621 ohannem
1032 2558 1147 2637 Beron,
1163 2558 1315 2644 chiyaler‚
1329 2558 1531 2622 Willelmum
1557 2557 1720 2637 Nesielde‚
1746 2565 1780 2622 et
1804 2558 1895 2633 alios,
1921 2565 1957 2621 et

459 2639 568 2741 nullus
585 2662 702 2791 {imm
724 2651 814 2708 tenet
828 2666 928 2728 nsque
942 2646 983 2710 ad
999 2646 1100 2730 ffijam
1116 2652 1242 2730 partem
1258 2667 1315 2711 un.
1331 2645 1355 2711 f.
1371 2666 1415 2710 m.
1432 2651 1471 2708 ut
1485 2645 1601 2708 dicunt
1615 2653 1678 2710 etc.
1724 2642 1846 2724 Niohil,
1861 2665 1957 2709 causa

459 2745 594 2790 consrmr
623 2779 631 2795 .

502 2847 550 2910 Do
576 2849 692 2914 abbate
717 2833 757 2914 de
781 2852 928 2938 Revesby
943 2875 1000 2936 pro
1023 2854 1140 2938 xxxiij·
1161 2859 1251 2937 parte
1279 2853 1417 2936 predicti
1440 2853 1484 2917 di.
1500 2853 1523 2918 f.
1540 2872 1636 2938 quam
1659 2853 1890 2937 predecessores
1905 2853 1957 2916 sui

458 2936 620 3017 quondam
635 2944 820 3004 tenuerunt.
866 2940 988 3018 Niohil,
1005 2943 1081 3026 quia
1096 2949 1208 3005 contra
1222 2947 1283 3005 eto.

502 3071 550 3174 De
573 3076 761 3227 tepentitbns
787 3082 946 3141 terrarum
969 3079 1132 3163 quondam
1149 3080 1307 3143 Willelmi
1332 3078 1436 3162 Daroy
1450 3099 1507 3162 pro
1522 3079 1570 3142 ix·
1590 3085 1683 3162 parte
1699 3099 1753 3144 un.
1770 3079 1793 3144 f.
1839 3077 1960 3156 Niohil,

458 3181 536 3242 qma
552 3182 611 3224 con
627 3183 663 3226 ra
678 3185 696 3226 e
713 3186 741 3228 c.

500 3294 548 3360 De
563 3297 672 3382 aliquo
685 3299 830 3363 subsidio
842 3301 978 3364 duarum
993 3303 1135 3384 partium
1150 3323 1206 3367 un.
1222 3301 1246 3367 i.
1263 3303 1297 3364 in
1314 3301 1474 3367 Krannnr
1488 3305 1523 3362 et
1539 3299 1628 3378 alibi,
1644 3318 1707 3384 que
1723 3300 1853 3362 domina
1877 3299 1960 3362 Rosa

455 3383 497 3447 de
512 3383 641 3448 Verdon
656 3388 820 3471 quondam
834 3390 954 3453 tenuit.
978 3388 1088 3452 Niobil
1098 3389 1161 3469 hic,
1175 3411 1212 3452 eo
1228 3390 1312 3474 quod
1327 3408 1432 3474 neque
1449 3387 1489 3450 de
1500 3387 1588 3465 villa,
1598 3406 1702 3472 neque
1718 3386 1757 3448 de
1771 3386 1958 3449 tenentibus

455 3473 608 3557 ignorant
640 3471 726 3554 ('),
750 3475 798 3539 ita
835 3476 918 3561 quod
957 3476 1084 3541 nullum
1116 3477 1295 3541 subsidium
1325 3477 1402 3539 inde
1432 3475 1622 3543 levaverunt
1650 3480 1712 3539 eto.
1751 3469 1955 3561 [cancellata.

458 3558 642 3624 Onerantur
657 3583 753 3646 super
768 3569 954 3647 compotum
970 3566 1011 3627 de
1025 3566 1124 3652 iiij.e.
1141 3566 1209 3630 v.d.
1224 3567 1272 3629 ob.

500 3697 548 3760 De
562 3698 749 3789 tenentibus
764 3706 919 3764 terrarum
935 3701 1098 3786 qnondam
1114 3703 1207 3780 Lora,
1218 3721 1281 3786 que
1297 3699 1362 3762 init
1377 3720 1458 3763 uxor
1474 3698 1617 3763 Gilberti
1632 3698 1670 3761 de
1687 3698 1887 3779 Hannserde,
1899 3720 1956 3782 pro

456 3785 502 3847 vi·
522 3790 612 3868 parte
627 3806 684 3851 nn.
700 3787 724 3852 f.
741 3808 784 3852 m.
800 3789 835 3850 in
853 3789 1067 3856 Tnosunrou.
1112 3789 1234 3868 Niohil,
1249 3788 1326 3873 quia
1340 3793 1451 3850 contra
1465 3791 1529 3853 etc.

499 3922 547 3985 De
562 3926 667 4006 priore
682 3925 723 3989 de
737 3926 830 3989 Novo
847 3928 931 3990 Loco
945 3949 1003 4010 pro
1017 3924 1134 4011 xxiiij‘·
1147 3930 1240 4011 parte
1257 3946 1312 3991 un.
1329 3926 1353 3991 f.
1370 3946 1415 3991 m.
1441 3925 1573 4004 ibidem,
1600 3944 1697 4011 qnam
1723 3924 1957 4009 predecessores

456 4012 507 4075 sui
522 4013 685 4095 quondam
701 4019 888 4079 tenuerunt.
933 4014 1055 4092 Nicbil,
1069 4016 1146 4099 quia
1160 4022 1273 4078 contra
1287 4017 1349 4078 etc.

392 4214 396 4220 ¹
498 4145 548 4208 De
572 4145 728 4211 Nicholao
753 4148 887 4213 Dalison
910 4171 967 4233 pro
993 4151 1039 4214 di.
1068 4152 1091 4216 f.
1117 4173 1161 4215 m.
1188 4153 1222 4213 in
1246 4150 1424 4215 Nanassos
1451 4153 1485 4213 ct
1512 4149 1645 4226 Cannas,
1673 4148 1758 4233 quod
1774 4146 1958 4212 willelmus

457 4233 662 4297 Blaunchard
678 4236 840 4320 quondam
855 4239 967 4321 tenuit
981 4238 1161 4301 ibidem·
1250 4276 1262 4287 -
1351 4277 1362 4287 -
1453 4275 1464 4288 ·
1554 4275 1565 4286 -
1654 4274 1665 4287 -
1752 4235 1836 4319 iij.s.
1852 4235 1955 4319 iujo.

500 4372 547 4434 De
572 4374 647 4459 iiij*
671 4380 762 4457 parte
786 4382 820 4438 et
852 4372 895 4438 v⁸·
919 4381 1011 4459 parte
1035 4397 1089 4440 un.
1113 4376 1136 4441 f.
1162 4397 1206 4441 m.
1234 4376 1270 4439 in
1298 4376 1479 4452 Caoxsrou,
1507 4392 1587 4459 quas
1612 4373 1793 4436 Willelmus
1823 4373 1956 4437 Boteler

456 4460 618 4545 quondam
648 4464 767 4527 tenuit.
813 4462 924 4526 Nichil
954 4462 1018 4542 hic,
1047 4465 1124 4548 quia
1153 4464 1346 4526 dividuntur
1375 4462 1548 4545 separatim
1578 4462 1664 4524 inter
1699 4460 1882 4544 priorissam
1913 4462 1954 4523 de

455 4548 669 4627 Nuncotome,
684 4547 869 4613 Johannem
884 4552 987 4626 Scott,
1002 4557 1035 4614 et
1051 4551 1141 4627 alios,
1156 4557 1189 4614 et
1205 4550 1315 4613 nullus
1329 4571 1441 4613 eorum
1457 4554 1547 4613 tenet
1562 4569 1619 4632 per
1634 4569 1666 4612 se
1681 4548 1721 4611 ad
1737 4550 1953 4633 quantitatem

453 4636 530 4720 iiij‘⁰
549 4638 652 4720 partis
668 4657 723 4701 nn.
741 4636 764 4701 f.
781 4658 826 4701 m.
844 4640 929 4701 sicut
944 4639 1130 4701 continetur
1146 4644 1206 4703 etc.

497 4771 545 4835 De
559 4773 674 4836 abbate
688 4773 729 4837 de
744 4774 927 4838 Thorneton
944 4795 1000 4858 pro
1015 4779 1089 4839 xxm
1102 4780 1192 4858 parte
1207 4795 1262 4839 un.
1278 4772 1301 4839 f.
1326 4774 1361 4836 in
1388 4772 1570 4851 Oeonsnou,
1593 4792 1691 4856 qnam
1718 4773 1955 4857 predecessores

454 4861 504 4923 sui
519 4861 682 4944 quondam
698 4868 886 4927 tenuerunt.
932 4860 1056 4939 Niohil,
1070 4864 1147 4947 quis
1162 4868 1276 4925 contra
1292 4860 1427 4922 formam
1442 4865 1506 4925 etc.

497 4996 544 5059 De
560 4998 605 5062 di.
633 4998 656 5063 f.
678 5018 722 5063 m.
747 5000 783 5062 in
818 5000 1009 5079 Lanosnon,
1034 5001 1120 5085 quod
1150 4997 1316 5062 Johannes
1344 4996 1473 5059 Daliscn
1497 4997 1659 5083 quondam
1685 5000 1793 5063 tenuit
1819 4999 1950 5064 ibidem.

453 5083 565 5147 Niobil
578 5084 644 5162 hic,
658 5107 695 5148 eo
709 5087 795 5170 quod
811 5108 916 5171 neque
932 5089 973 5151 de
988 5089 1076 5165 villa,
1091 5106 1197 5170 neque
1212 5087 1251 5148 de
1267 5084 1456 5149 tenentibus
1472 5086 1624 5168 ignorant
1652 5086 1721 5165 (sic)
1748 5087 1783 5149 in
1806 5085 1953 5168 partibus

453 5172 618 5255 predictis,
635 5178 674 5236 ut
689 5174 804 5238 dicunt
819 5180 881 5240 etc.
905 5171 1108 5261 [concedat]
1154 5172 1339 5237 Onerantur
1354 5192 1448 5255 super
1463 5177 1647 5256 compotum
1663 5172 1702 5235 de
1719 5172 1768 5259 iij.
1779 5193 1807 5239 s.
1824 5172 1872 5257 iiij
1878 5222 1884 5237 .
1896 5170 1930 5238 d.

496 5303 564 5367 Nec
594 5306 790 5391 respondent
819 5307 861 5371 de
891 5308 1000 5391 aliquo
1031 5307 1176 5371 subsidio
1205 5306 1281 5390 iiije
1302 5306 1403 5388 partis
1434 5325 1489 5368 un.
1521 5304 1545 5369 f.
1576 5304 1611 5366 in
1642 5302 1952 5387 Noannos1³‚quam

452 5391 626 5457 Nicholaus
642 5393 683 5457 de
698 5394 783 5458 Hale
798 5396 1098 5485 quondamutenuit,
1108 5416 1145 5457 eo
1160 5393 1246 5478 quod
1260 5391 1424 5456 Johannes
1439 5391 1568 5473 Turnay
1579 5395 1612 5454 et
1623 5389 1778 5453 Ricardus
1790 5391 1952 5475 Parteney

452 5486 567 5544 tenent
591 5483 764 5563 separatim
788 5483 911 5545 dictam
935 5482 1035 5570 iiijem
1059 5489 1198 5566 partem,
1223 5486 1256 5544 et
1285 5479 1394 5542 nullus
1418 5500 1528 5542 eorum
1555 5482 1647 5542 tenet
1668 5477 1710 5541 ad
1731 5479 1952 5562 quantitatem

451 5567 526 5653 iiip·
545 5569 647 5652 partis
662 5574 696 5633 et
710 5570 756 5631 sic
772 5571 880 5633 minus
895 5569 970 5654 iiij*
990 5579 1093 5653 parte,
1108 5570 1193 5632 sicut
1208 5568 1394 5631 continetur
1407 5572 1469 5630 etc.

494 5704 562 5770 Nec
585 5707 780 5788 respondent
803 5707 845 5770 de
870 5706 1055 5791 hujusmodi
1082 5706 1225 5770 subsidio
1249 5703 1323 5789 iiije
1345 5705 1446 5788 partis
1471 5724 1525 5767 un.
1542 5702 1567 5767 f.
1593 5703 1626 5765 in
1643 5701 1829 5779 Yonnnone‚
1853 5721 1951 5785 qnam

451 5792 608 5856 Ricardus
623 5791 769 5856 Halbern
784 5795 948 5879 quondam
962 5795 1081 5858 tenuit.
1128 5791 1238 5855 Niobil
1254 5790 1318 5871 hic,
1334 5812 1371 5855 eo
1386 5790 1472 5875 quod
1486 5790 1644 5853 dividitur
1668 5790 1840 5872 separatim
1865 5791 1950 5851 inter

451 5879 633 5944 Johannem
657 5880 766 5964 Vasyn
796 5889 828 5946 et
853 5881 1057 5944 Willelmum
1081 5881 1248 5958 Androne,
1274 5887 1308 5943 et
1334 5880 1424 5942 nulla
1447 5898 1522 5962 pars
1546 5896 1655 5941 eorum
1681 5876 1828 5939 extendit
1853 5896 1887 5941 se
1909 5876 1951 5943 ad

452 5968 672 6057 quantitatem
687 5968 762 6055 iiije
782 5971 885 6054 partis
901 5989 956 6035 un.
973 5969 996 6035 f.
1013 5990 1058 6035 m.
1075 5969 1161 6032 sicut
1174 5969 1362 6031 continetur
1376 5971 1439 6033 etc.
