5000 7050
1183 1055 1406 1125 NORFOLK.

995 1342 1215 1410 Hunosnouu
1238 1365 1283 1410 nn
1304 1344 1586 1414 EYNESFORD.

583 1497 933 1570 muti-willelmus
962 1502 1115 1587 Bretoun,
1148 1506 1312 1572 iohannes
1340 1508 1381 1572 de
1415 1506 1586 1591 Sparham,
1623 1505 1784 1570 Emaldus
1820 1505 1862 1568 dc
1899 1503 2041 1587 Lyouna,

541 1585 788 1653 Bartholomeus
814 1589 936 1674 Hervy,
961 1590 1103 1657 Thomas
1125 1600 1194 1657 atto
1224 1595 1385 1680 Kychem,
1415 1595 1581 1660 Johaunea
1611 1594 1773 1676 Humfrey
1801 1593 1843 1656 de
1873 1591 2042 1674 spatham,

540 1673 705 1739 Johannes
734 1676 775 1740 de
804 1677 946 1758 Eristos,
978 1679 1145 1745 Galfridus
1173 1687 1243 1746 atte
1275 1682 1432 1764 Esthalla,
1463 1682 1647 1752 Willelmus
1675 1681 1842 1758 Newman,
1872 1679 1971 1763 Hugo
2000 1679 2042 1741 de

541 1761 686 1913 Brisdtm,
699 1763 817 1828 Petrus
831 1764 949 1850 Gynoy
963 1771 999 1831 et
1012 1766 1044 1830 N
1045 1767 1191 1833 icholaua
1205 1769 1376 1855 Maloysel,
1390 1773 1448 1856 qui
1463 1770 1579 1834 dicunt
1603 1791 1660 1854 per
1682 1772 1920 1833 sacramentum
1946 1785 2040 1830 auum

540 1867 604 1932 quo
635 1873 690 1914 ι·-
1434 1903 1437 1908 -

585 2038 771 2107 Willelmus
793 2039 835 2104 de
858 2041 982 2107 Morlee
1006 2049 1100 2108 tenet
1124 2023 1307 2110 manerium
1333 2047 1367 2109 in
1381 2046 1541 2112 Fonsnnn
1555 2065 1614 2130 pro
1628 2050 1743 2130 quarta
1757 2049 1850 2128 parta
1859 2043 1886 2128 j.
1902 2043 1925 2108 f.
1941 2063 1986 2107 m.
2002 2041 2041 2104 de

540 2128 661 2190 comite
676 2127 881 2193 Gloucestrie
894 2135 928 2193 et
944 2131 1031 2195 idem
1046 2133 1087 2196 de
1101 2153 1188 2218 rege,
1204 2134 1292 2216 quod
1306 2133 1491 2202 Willelmus
1506 2132 1535 2198 le
1549 2131 1731 2196 Mareschal
1745 2132 1910 2217 quondam
1931 2130 2041 2194 tenuit

1976 2237 2040 2282 ιιι.

584 2353 670 2417 Rosa
691 2352 733 2417 de
756 2353 880 2438 Byntre
905 2355 1021 2418 etalii
1046 2361 1194 2420 tenentes
1219 2361 1376 2421 terrarum
1402 2356 1626 2423 Bartholomei
1650 2357 1691 2420 de
1715 2356 1838 2440 qutre
1863 2358 1979 2418 tenent
2004 2353 2038 2416 in

539 2439 669 2505 Βιιιιιιιι
684 2446 750 2505 tres
764 2447 873 2523 partes
887 2441 1073 2506 medietatis
1082 2443 1111 2526 j.
1127 2449 1153 2508 t.
1169 2464 1213 2510 m.
1229 2445 1270 2508 de
1286 2443 1454 2528 Stephano
1468 2445 1509 2509 de
1523 2444 1698 2528 Langetot,
1713 2455 1746 2507 et
1761 2444 1849 2506 idem
1864 2443 1905 2505 de
1921 2441 2039 2505 comite

541 2526 755 2606 Gloucestrie
769 2539 805 2591 et
821 2529 908 2592 idem
922 2530 961 2592 de
976 2550 1063 2615 rege,
1079 2532 1164 2613 quod
1179 2531 1427 2597 Bartholomeus
1442 2533 1482 2596 de
1497 2533 1621 2618 Byntre
1635 2531 1798 2614 quondam
1813 2531 1936 2610 tenuit,
1953 2548 2038 2592 xva.

582 2689 745 2754 Henricus
767 2691 839 2754 Yve
862 2697 954 2756 tenet
976 2694 1012 2756 in
1037 2693 1265 2762 Gsssnwnnnn
1289 2701 1439 2779 quartam
1464 2700 1587 2780 partem
1614 2694 1800 2760 medietatis
1824 2691 1852 2777 j.
1879 2692 1904 2757 f.
1928 2713 1973 2758 m.
1999 2688 2040 2752 de

537 2773 656 2840 herede
681 2777 903 2843 Bartholomei
928 2780 967 2844 de
991 2782 1125 2865 Byntre,
1149 2790 1183 2845 et
1202 2784 1291 2848 idem
1306 2785 1346 2846 de
1363 2781 1529 2866 Stephano
1550 2779 1623 2870 [de]
1645 2783 1817 2867 Langetot,
1832 2780 1919 2864 quod
1933 2779 2041 2842 Hamo

539 2864 787 2949 chquondam
800 2868 908 2931 tenuit
960 2906 1885 2924 ----------
1973 2887 2038 2930 sua.

580 3026 745 3092 iohannes
774 3028 940 3115 Gerbergh
969 3035 1064 3096 tenet
1092 3033 1127 3094 in
1155 3032 1291 3100 Nonsou
1318 3037 1352 3096 et
1383 3032 1628 3099 Tsmannnono
1654 3033 1699 3097 di.
1725 3032 1748 3097 i.
1776 3053 1818 3096 m.
1849 3029 1890 3094 de
1919 3029 2039 3092 comite

538 3114 738 3194 Warrennie,
753 3122 789 3180 et
801 3117 892 3181 idem
907 3118 948 3181 de
963 3138 1051 3203 rege,
1066 3119 1152 3202 quod
1168 3119 1308 3184 Thomas
1322 3120 1492 3206 Gerbargh
1507 3122 1659 3184 tenuit·
1748 3155 1763 3166 -
1852 3157 1863 3169 -
1951 3136 2037 3180 ιω.

581 3276 723 3342 Thomas
748 3278 788 3341 de
815 3278 954 3343 (ielham
979 3284 1072 3344 tenet
1097 3282 1132 3344 in
1160 3282 1295 3348 Nosnon
1318 3282 1493 3346 dimidium
1514 3282 1717 3366 quarterium
1731 3279 1754 3348 f.
1772 3301 1816 3346 m.
1833 3281 1874 3344 de
1889 3281 2040 3364 episcopo

537 3365 687 3445 Norwici,
703 3371 736 3429 et
751 3366 840 3430 idem
854 3367 895 3430 de
910 3387 997 3452 rege,
1014 3369 1100 3452 quod
1116 3370 1309 3434 Edmundus
1324 3371 1364 3435 de
1380 3369 1520 3434 Gelham
1535 3371 1645 3434 tenuit
1673 3409 1684 3420 -
1774 3409 1785 3420 ·
1875 3407 1887 3419 ·
1976 3386 2039 3431 v.a.

579 3531 724 3615 Rogatus
739 3528 905 3614 Gerbergh
921 3535 1014 3595 tenet
1029 3533 1064 3595 in
1081 3532 1216 3600 Nomos
1232 3533 1409 3597 dimidium
1424 3532 1624 3619 quarterium
1640 3530 1662 3595 f.
1678 3552 1721 3597 m
1737 3531 1779 3594 de
1803 3530 1891 3594 dicto
1916 3528 2040 3593 Thomu

536 3617 577 3681 de
593 3616 743 3697 Gelham,
759 3622 792 3682 et
807 3619 894 3682 idem
910 3619 952 3683 de
966 3621 1116 3704 episcopo
1131 3621 1281 3700 Norwici‚
1298 3627 1329 3685 et
1346 3622 1433 3685 idem
1450 3621 1491 3684 de
1506 3640 1594 3705 roge,
1608 3620 1694 3705 quod
1708 3620 1736 3681 T
1737 3617 1850 3683 homas
1870 3614 2039 3701 Gerbergh

535 3705 698 3789 quondam
713 3706 823 3770 tenuit
859 3741 1884 3760 -----------
1974 3724 2037 3769 ua.

502 3891 504 3894 ·
581 3866 741 3932 Robertus
764 3867 804 3930 de
829 3865 910 3930 Gros
934 3873 1029 3933 tenet
1051 3870 1087 3933 iu
1112 3869 1340 3937 Geusnwnmn
1366 3869 1415 3956 iij.
1439 3873 1548 3953 partes
1580 3868 1676 3933 unius
1699 3867 1856 3952 quarterii
1880 3867 1903 3930 f.
1927 3886 1973 3931 m.
1999 3866 2040 3929 de

537 3955 661 4017 Thoma
674 3954 716 4017 de
730 3953 880 4032 Gelhnm,
897 3960 931 4018 et
946 3955 1034 4021 idem
1049 3957 1090 4021 de
1104 3957 1255 4041 episcopo
1271 3957 1411 4022 Norwici
1426 3964 1460 4020 et
1474 3957 1561 4021 idem
1576 3957 1617 4020 de
1642 3975 1730 4041 rege,
1759 3954 1846 4040 quod
1869 3954 1971 4017 Adam
1998 3953 2038 4016 de

537 4040 620 4105 Gros
634 4041 797 4124 quondam
812 4042 926 4106 tenuit
1033 4083 1044 4096 -
1134 4082 1145 4096 ·
1235 4084 1247 4096 -
1309 4038 1349 4097 1-
1439 4083 1450 4096 -
1540 4084 1551 4095 -
1744 4080 1756 4093 -
1844 4038 2035 4126 vij.s.vj.d.
2093 4132 2098 4140 ,

580 4201 774 4267 Vincentius
803 4203 845 4267 de
874 4204 999 4269 Norton
1029 4226 1104 4269 cum
1134 4208 1324 4272 tenentibus
1354 4208 1421 4271 suis
1450 4212 1544 4270 tenet
1572 4206 1617 4272 di.
1648 4206 1672 4271 f.
1697 4224 1742 4269 m.
1774 4204 1809 4267 in
1839 4203 1973 4270 Nomou
2003 4208 2038 4266 et

537 4292 766 4361 Gmcwenn
781 4290 821 4354 de
836 4290 974 4357 Ricardo
988 4292 1055 4357 filio
1071 4294 1225 4374 Simonis,
1241 4300 1275 4358 et
1289 4296 1378 4358 idem
1393 4294 1434 4359 dc
1449 4314 1536 4379 rege,
1551 4294 1637 4379 quod
1652 4290 1826 4375 Philippus
1851 4291 1891 4353 de
1914 4290 2035 4354 Norton

536 4377 700 4463 quondam
714 4380 823 4443 tenuit
837 4417 1864 4434 -----------
1950 4398 2036 4444 xxc.

579 4540 744 4607 Johannes
772 4543 813 4606 de
843 4543 1056 4608 Ratteiesden
1082 4549 1176 4607 tenet
1205 4545 1241 4607 in
1271 4545 1425 4611 Danuuio
1453 4548 1520 4608 tres
1549 4550 1659 4627 partes
1680 4541 1707 4627 j.
1732 4539 1756 4607 f.
1784 4562 1828 4605 m.
1856 4539 1896 4604 de
1920 4538 2037 4604 herede

535 4629 693 4699 Willelmi
720 4628 859 4712 Comyn,‘
886 4631 942 4713 qui
972 4638 1022 4695 eat
1051 4632 1087 4694 in
1111 4652 1213 4695 manu
1238 4633 1363 4696 domini
1386 4633 1484 4716 regis,
1510 4632 1596 4716 quod
1623 4628 1735 4694 Simon
1760 4629 1801 4691 de
1824 4626 2037 4693 Rattelesden

536 4719 700 4822 quondam
714 4719 825 4781 tenuit
913 4754 1839 4771 ..........
1927 4736 2035 4781 xxxa.

578 4878 719 4943 Thomas
732 4879 753 4944 J
756 4881 877 4943 ourdan
893 4884 983 4944 tenet
998 4881 1032 4943 in
1047 4881 1224 4948 Dammae
1239 4881 1335 4968 viij·m
1352 4886 1479 4966 partem
1491 4880 1519 4964 j.
1536 4880 1557 4945 f.
1576 4900 1619 4943 m.
1633 4878 1674 4942 de
1688 4878 1810 4941 comite
1825 4875 2036 4955 Gloucestrie,

533 4973 569 5031 et
582 4968 670 5032 idem
684 4968 725 5032 de
739 4988 815 5052 rege
859 5002 1884 5021 ···········
1973 4972 2036 5029 via.

577 5129 720 5196 Thomas
745 5131 786 5194 de
811 5130 996 5216 Thychehy,
1022 5132 1221 5197 Benedictus
1235 5132 1389 5215 Wysdam
1412 5136 1529 5195 tenent
1543 5131 1578 5193 in
1593 5128 1775 5195 onumen
1790 5126 1888 5213 viijm
1909 5132 2036 5211 partem

530 5219 557 5304 j.
573 5218 596 5281 f.
611 5240 656 5285 m.
672 5220 713 5283 de
727 5219 850 5282 Thomu
865 5218 999 5296 Jordan,
1013 5224 1048 5282 et
1061 5220 1150 5282 idem
1166 5220 1206 5282 de
1227 5221 1346 5283 comite
1369 5218 1580 5295 Gloucestrie,
1605 5224 1640 5280 et
1663 5215 1751 5278 idem
1777 5215 1818 5278 de
1841 5235 1926 5300 rege,
1950 5214 2036 5298 quod

533 5307 620 5370 idem
635 5306 774 5370 Thomas
788 5306 810 5372 J
811 5305 909 5369 ordon
926 5306 1092 5391 quondam
1107 5308 1219 5370 tenuit
1264 5342 1883 5359 -------
1973 5322 2035 5367 na.

575 5468 690 5533 Simon
714 5473 785 5533 atto
809 5467 907 5551 Hugh
935 5472 1028 5532 tenet
1051 5469 1085 5531 in
1116 5469 1223 5537 Sanun
1247 5474 1283 5533 et
1307 5474 1456 5533 tenentes
1483 5468 1532 5532 sui
1548 5472 1697 5550 quartam
1712 5468 1839 5549 partem
1853 5462 1878 5549 j.
1894 5463 1917 5527 f.
1935 5482 1978 5527 m.
1995 5464 2036 5526 de

530 5555 646 5620 herede
660 5553 820 5620 Johannis
835 5556 875 5620 de
891 5554 982 5618 Bello
998 5555 1123 5634 Monte,
1138 5562 1174 5620 et
1186 5556 1276 5620 idem
1291 5557 1332 5620 de
1347 5556 1513 5620 Willelmo
1527 5556 1568 5619 de
1584 5553 1699 5629 Moris,
1712 5559 1748 5617 et
1771 5550 1860 5615 idem
1886 5550 1928 5613 de
1952 5570 2036 5635 rege,

529 5644 615 5727 quod
631 5642 797 5707 Johannea
811 5647 881 5707 atte
898 5640 999 5726 Hugh
1014 5645 1179 5727 quondam
1195 5646 1306 5708 tenuit
1365 5677 1885 5695 ······
1973 5659 2035 5703 xc.

572 5804 737 5869 Johanncs
762 5804 804 5868 de
829 5804 956 5868 Breues
982 5810 1075 5869 tenet
1098 5806 1134 5868 in
1162 5806 1270 5874 Smne
1292 5804 1320 5889 j.
1337 5804 1358 5869 f.
1375 5825 1419 5869 m.
1446 5806 1486 5869 de
1515 5802 1665 5868 Gaifrido
1690 5801 1722 5865 la
1746 5800 1821 5883 Say,
1835 5805 1871 5863 et
1890 5801 1979 5865 idem
1994 5800 2036 5863 de

529 5892 649 5957 comite
664 5892 862 5972 warmume,
878 5897 913 5956 et
926 5890 1015 5955 idem
1030 5892 1070 5957 dc
1084 5912 1173 5975 rege,
1184 5894 1271 5978 quod
1286 5894 1425 5978 Egidius
1441 5892 1471 5957 le
1486 5892 1612 5957 Breues
1626 5889 1790 5975 quondam
1806 5888 1916 5953 tenuit
1957 5886 2035 5955 xla.
