5000 7050
1144 1081 1410 1149 LEICESTER.

1137 1375 1253 1440 Fnom
1275 1372 1440 1441 anuu.

978 1590 1198 1655 Huunaunuu
1221 1609 1265 1655 nu
1288 1587 1578 1656 FRAMELOND.

573 1782 622 1845 De
637 1783 779 1849 Roberto
795 1784 885 1848 Ivers
899 1806 955 1868 pro
969 1790 1084 1869 quarta
1099 1792 1189 1868 perte
1204 1806 1260 1851 un.
1277 1784 1300 1850 f.
1318 1805 1362 1847 m.
1376 1785 1411 1847 iu
1430 1784 1596 1857 Sousanx,
1611 1802 1709 1867 quem
1731 1781 1893 1845 Johannes
1915 1777 2026 1861 Dryby

528 1871 692 1953 quondam
721 1874 829 1935 tenuit
857 1873 989 1951 ibidem,
1020 1874 1105 1936 siout
1135 1874 1318 1936 continetur
1348 1874 1383 1935 in
1414 1872 1554 1955 quadam
1579 1870 1793 1954 inquisicione
1817 1866 1893 1929 iude
1918 1885 2026 1927 eoram

526 1957 661 2040 prefatis
675 1958 897 2022 oolleetoribus
912 1970 1006 2043 eepta
1020 1967 1055 2023 et
1069 1980 1169 2043 penes
1184 1958 1243 2023 has
1258 1960 1431 2042 particulas
1446 1964 1644 2022 remanente.
1691 1955 1889 2032 Subsidium,
1906 1954 1998 2024 xxd.

571 2096 621 2159 De
634 2096 758 2161 Thomu
772 2099 856 2163 Roos
870 2119 928 2182 pro
942 2106 1058 2183 quarta
1072 2104 1163 2182 parte
1178 2120 1233 2162 un.
1249 2097 1274 2163 f.
1291 2118 1335 2163 m.
1352 2099 1388 2161 in
1411 2098 1604 2174 Faustinae,
1619 2116 1716 2180 quum
1739 2082 1883 2178 Rog'erus
1911 2090 2028 2154 Warde

527 2184 689 2267 quondum
704 2188 814 2250 tenuit
829 2187 960 2266 ibidem,
975 2187 1059 2250 sieut
1073 2188 1260 2250 continetur
1274 2187 1309 2248 in
1326 2186 1438 2249 eadem
1452 2184 1677 2268 inquisicione.
1718 2179 1917 2257 Subsidium,
1932 2198 1982 2243 xx.
1991 2176 2025 2241 d.

572 2336 621 2400 De
651 2337 791 2402 Roberto
820 2338 912 2402 Ivers
943 2360 999 2422 pro
1028 2338 1206 2404 medietate
1237 2358 1294 2403 un.
1321 2338 1345 2403 f.
1370 2359 1415 2402 m.
1441 2339 1476 2401 in
1501 2340 1709 2415 numism,
1736 2335 1960 2409 Hounnwunu,
1991 2333 2027 2394 et

528 2425 720 2595 iliijsijnliaiiiijb
730 2446 829 2509 quem
865 2427 1031 2490 Jobannes
1068 2427 1178 2550 Dryby
1214 2426 1377 2511 quondum
1414 2426 1523 2489 tenuit
1553 2423 1686 2501 ibidem,
1716 2428 1780 2486 etc.
1827 2420 2027 2496 Subsidium,

571 2644 619 2709 De
644 2646 769 2716 Thomu
796 2647 982 2713 Beanmunt
1011 2669 1069 2732 pro
1098 2649 1278 2713 medietate
1307 2669 1362 2715 un.
1390 2649 1415 2714 f.
1439 2670 1484 2713 m.
1509 2648 1543 2711 in
1571 2646 1743 2725 Gouunnx,
1769 2664 1867 2728 quam
1889 2642 2027 2706 Thomas

528 2731 729 2797 Mausewnrd
744 2736 907 2819 quondam
923 2737 1033 2799 tenuit
1047 2736 1182 2817 ibidem,
1199 2743 1262 2802 eto.
1309 2736 1508 2815 Subsidium,
1523 2735 1607 2822 iiis.
1625 2731 1728 2819 iiij.d.

571 2871 620 2932 De
645 2870 794 2936 Jobanne
818 2873 927 2937 Belers
953 2894 1011 2957 pro
1037 2895 1092 2939 un.
1109 2874 1132 2939 f.
1149 2896 1193 2939 m.
1210 2876 1245 2938 in
1273 2877 1396 2954 Onesi,
1423 2874 1600 2949 Sannaus,
1626 2872 1791 2949 Kamisx,
1816 2874 1849 2934 et
1876 2870 2024 2945 Busuou,

526 2958 612 3040 quod
627 2956 767 3024 Jaeobus
782 2961 891 3025 Belers
904 2962 1068 3045 quondam
1084 2963 1193 3026 tenuit
1208 2961 1343 3043 ibidem,
1360 2968 1423 3028 etc.
1470 2959 1669 3037 Subsidium,
1688 2958 1763 3042 vj.s.
1780 2956 1891 3041 iiij.d.

571 3092 619 3158 De
644 3093 793 3160 Jobanne
819 3096 905 3161 Grae
931 3118 989 3182 pro
1014 3098 1193 3162 medietate
1216 3119 1272 3163 uu.
1289 3099 1312 3163 i.
1330 3119 1375 3163 m.
1391 3099 1427 3161 iu
1450 3098 1603 3163 Kiananx
1629 3096 1775 3173 Bnuuae,
1799 3115 1896 3178 quam
1920 3092 2025 3156 Alieia

527 3180 638 3244 Belers
653 3185 814 3265 quondum
830 3186 937 3249 tenuit
953 3186 1087 3264 ibidem,
1103 3192 1167 3251 ete.
1215 3184 1414 3265 Subsidium,
1429 3184 1513 3271 iij.s.
1529 3181 1633 3268 iiij.d.

571 3319 620 3384 De
642 3320 782 3387 Roberto
807 3323 981 3389 Wodeiord
1007 3345 1065 3409 pro
1094 3344 1150 3389 un.
1177 3323 1202 3389 f.
1219 3316 1275 3389 ‘m.
1303 3327 1337 3387 in
1367 3326 1566 3400 Wuvonnsi,
1597 3323 1744 3401 Euneon,
1773 3322 1964 3396 Fannuunx,
1992 3320 2027 3382 et

529 3406 709 3487 Suaoxuou,
725 3411 811 3494 quod
827 3411 985 3475 Robertus
1008 3410 1286 3503 Ohenereourt'et
1308 3412 1448 3477 Thomas
1474 3410 1637 3475 Brabsson
1654 3408 1823 3495 ¹quondum
1849 3410 2026 3471 tenuerunt

526 3496 662 3577 ibidem,
679 3506 742 3563 eto.
789 3498 987 3580 Subsidium,
1003 3500 1081 3584 vjs.
1097 3497 1208 3586 viijd.

571 3631 620 3694 De
646 3631 794 3698 Galfrido
817 3634 952 3719 Psynell
975 3656 1033 3720 pro
1058 3642 1173 3720 quarta
1196 3643 1289 3720 parte
1314 3658 1370 3701 un.
1387 3637 1409 3700 f.
1426 3657 1469 3700 m.
1486 3637 1520 3698 in
1551 3636 1731 3712 Senoxnou,
1746 3654 1844 3718 quam
1859 3630 2023 3696 Johannes

527 3716 663 3803 Paynell
677 3719 719 3784 de
732 3721 883 3807 Botheby
896 3724 1060 3807 quondam
1074 3725 1183 3788 tenuit
1197 3724 1332 3803 ibidem,
1347 3732 1409 3789 eto.
1457 3723 1656 3802 Subsidium,
1671 3745 1722 3788 xx.
1731 3720 1764 3786 d.

571 3856 619 3920 De
633 3857 654 3920 J
656 3858 781 3923 ohanne
797 3860 838 3923 de
852 3860 951 3940 Leek,
962 3859 1087 3925 Thomu
1101 3861 1143 3926 de
1158 3861 1328 3946 Stouesby,
1338 3865 1372 3925 et
1387 3859 1522 3924 Msbills
1537 3860 1577 3924 de
1590 3858 1761 3923 Wodeiord
1777 3878 1834 3940 pro
1848 3855 2023 3918 medietate

527 3964 583 4008 un.
599 3943 623 4008 f.
639 3966 684 4010 m.
702 3948 735 4009 in
763 3948 921 4015 Hnasuou
945 3957 980 4013 et
1006 3948 1174 4028 (isimon,
1199 3971 1298 4032 quam
1322 3947 1502 4013 Edwardus
1528 3947 1656 4031 Hillary
1670 3953 1705 4010 et
1728 3944 1912 4008 Willelmus
1936 3941 2022 4006 filius

528 4031 685 4095 Willelmi
700 4035 835 4099 Avenell
850 4037 1011 4119 quondam
1026 4045 1201 4101 tenuerunt
1216 4037 1352 4114 ibidem,
1365 4041 1428 4101 eto.
1474 4033 1675 4111 Subsidium,
1690 4033 1772 4118 iij.s.
1792 4031 1892 4115 iiij.d.

570 4163 619 4227 De
633 4165 715 4229 duce
731 4165 893 4232 Norfoloie
907 4190 964 4252 pro
978 4169 1156 4233 medietate
1172 4190 1227 4234 un.
1244 4171 1268 4234 f.
1285 4190 1330 4234 m.
1346 4190 1445 4253 quam
1460 4175 1553 4232 tenet
1568 4171 1603 4231 iu
1619 4169 1869 4245 Conuovuunou,
1878 4173 1911 4229 et
1926 4183 2021 4247 quam

526 4250 547 4312 J
548 4252 691 4316 ohannes
706 4251 845 4338 Segrave
858 4255 1021 4340 quondum
1035 4258 1145 4321 tenuit
1158 4258 1293 4334 ibidem,
1308 4265 1371 4322 eto.
1418 4257 1618 4335 Subsidium,
1632 4255 1714 4335 iiis.
1732 4252 1834 4339 iiij.d.

568 4401 615 4466 De
630 4403 794 4467 Willelmo
808 4405 938 4491 Purley,
951 4410 1086 4486 seniore,
1094 4414 1129 4473 et
1139 4408 1304 4473 Willelmo
1319 4409 1449 4491 Purley,
1455 4409 1597 4493 juniore,
1611 4429 1669 4492 pro
1684 4407 1861 4471 medietate
1873 4424 1929 4468 un.
1943 4403 1966 4467 f.
1976 4425 2020 4468 m.

522 4511 619 4573 quam
643 4498 759 4554 tenent
783 4494 818 4556 in
847 4493 1063 4575 Smmnsoau,
1080 4497 1320 4575 Wsuuxnusu,
1336 4501 1370 4560 et
1398 4497 1546 4575 Tuosne,
1561 4503 1595 4560 et
1610 4516 1708 4578 quam
1725 4494 1884 4557 Henrious
1907 4491 2022 4555 Moton

523 4578 686 4660 quondam
700 4582 811 4643 tenuit
826 4582 957 4661 ibidem,
974 4593 1036 4648 etc.
1083 4583 1282 4663 Subsidium,
1297 4584 1382 4670 iijs.
1399 4583 1503 4670 iiij.d.

570 4731 618 4794 De
634 4732 812 4796 Laurenoio
827 4734 984 4820 Berkeley
999 4758 1057 4820 pro
1071 4737 1176 4801 tribus
1189 4738 1337 4821 pertibus
1353 4759 1408 4803 un.
1425 4737 1448 4803 f.
1466 4759 1511 4802 m.
1528 4738 1563 4800 in
1578 4738 1805 4805 quuuuusu
1821 4737 1855 4797 et
1873 4733 2019 4809 Tuosne,

523 4839 604 4901 quas
634 4819 797 4884 ,iohannes
828 4823 993 4906 Tybetoft,
1023 4824 1190 4888 Gulfridus
1220 4823 1401 4906 Castertou,
1431 4833 1468 4889 et
1496 4825 1660 4889 Johsnnes
1691 4822 1827 4886 Berkele
1857 4821 2021 4905 quondam

527 4912 704 4971 tenuerunt
717 4908 851 4991 ibidem,
866 4917 928 4975 ete.
973 4911 1172 4993 Subsidium,
1187 4933 1253 4977 v.s.

571 5039 618 5103 De
641 5040 754 5105 eodem
769 5043 945 5108 Laurenoio
961 5044 1095 5110 Berkele
1110 5067 1167 5130 pro
1183 5047 1361 5111 medietate
1377 5067 1432 5112 un.
1449 5045 1474 5112 f.
1491 5067 1535 5111 m.
1552 5066 1650 5130 quam
1677 5047 1771 5109 tenet
1785 5045 1819 5105 in
1835 5043 1974 5120 Coenon,
1991 5045 2025 5106 et

526 5129 768 5300 {Jamiiiffius
804 5131 970 5196 Johannes
1007 5133 1143 5198 Berkele
1179 5135 1343 5218 quondam
1380 5135 1488 5198 tenuit
1524 5135 1659 5212 ibidem,
1696 5139 1757 5196 eto.
1825 5129 2024 5208 Subsidium,

567 5370 616 5434 De
642 5369 767 5436 Thomu
795 5371 878 5436 Boos
907 5395 966 5457 pro
996 5375 1099 5439 tribus
1128 5375 1275 5458 partibus
1305 5396 1361 5440 un.
1387 5377 1410 5441 i.
1439 5397 1482 5438 m.
1507 5395 1586 5458 quas
1616 5376 1708 5437 tenet
1732 5373 1768 5435 in
1794 5370 2023 5442 Bousussosu,

526 5459 741 5537 Noaususou,
760 5459 982 5539 Essemus,
1000 5463 1207 5540 Binunsnou,
1232 5463 1404 5540 Pnuuunn,
1428 5472 1463 5528 et
1490 5464 1664 5536 Hesionen,
1686 5464 1721 5525 et
1737 5477 1817 5543 ques
1841 5454 2025 5523 Willelmus

526 5545 612 5609 Roos
626 5548 789 5629 quondam
804 5550 915 5611 tenuit
929 5550 1062 5630 ibidem,
1076 5557 1138 5616 ete.
1184 5551 1385 5628 Subsidium,
1400 5569 1464 5615 ve.

566 5679 613 5742 De
642 5678 790 5743 Johanne
819 5680 938 5759 Bozon,
967 5683 1070 5746 Aiane
1100 5681 1362 5760 Chaumbernon,
1391 5688 1426 5748 et
1449 5683 1622 5766 Redulpho
1648 5679 1736 5744 Leek
1766 5696 1824 5761 pro
1847 5674 2026 5738 medietate

525 5786 581 5829 un.
609 5767 632 5830 f.
659 5787 704 5830 m.
729 5787 827 5850 quam
854 5775 968 5834 tenent
998 5773 1034 5833 in
1061 5772 1224 5847 Gummi,
1238 5777 1274 5834 et
1297 5792 1395 5855 quam
1416 5769 1580 5834 Johannes
1595 5771 1636 5832 de
1654 5765 1846 5850 Wylougby,
1860 5760 2027 5825 Jobsunes

525 5851 718 6026 gozsnihje‘ti
750 5854 872 5917 Alanus
908 5857 1041 5922 Rohaut
1077 5857 1241 5942 quondum
1287 5866 1466 5923 tenuerunt
1512 5857 1648 5934 ibidem,
1693 5863 1754 5919 eto.
1823 5849 2027 5924 Subsidium,
