5000 7050
1153 1092 1236 1158 nl).
1262 1097 1346 1161 1816

539 1548 718 1617 Ham
799 1592 1219 1608 .....

539 2738 793 2809 Knnnnmom
902 2785 912 2798 -
1003 2788 1013 2798 -
1104 2787 1114 2800 -

538 3076 741 3146 Hnnnnsnne
798 3121 1214 3137 -----

535 3634 657 3704 Medion
672 3637 814 3704 Menneu
899 3678 910 3691 ·
1001 3679 1012 3691 -
1102 3679 1113 3690 -

534 4234 643 4302 Pleu
659 4235 802 4304 Medeon
897 4276 908 4290 ·
999 4279 1011 4290 -
1101 4279 1111 4288 -

534 4571 669 4640 Coum
696 4612 1213 4627 ......

531 4864 679 4934 Em
692 4905 1212 4921 ......

531 5278 718 5346 hemum
732 5301 808 5344 oum
823 5282 1028 5349 Bnnnnnnnn
1097 5322 1108 5333 -

531 5527 648 5597 Emss
691 5569 1210 5587 ......

531 5823 795 5893 Gemomonne
895 5867 906 5880 ·

1252 3042 1267 3192 l

1279 1382 1447 1447 Galiridue
1461 1385 1503 1448 de
1518 1384 1551 1448 la
1565 1384 1688 1452 Penne.

1280 1468 1463 1535 Willelmus
1478 1472 1507 1536 le
1522 1471 1681 1538 Curzoun.

1275 1554 1440 1623 lohannes
1456 1558 1497 1622 de
1512 1558 1753 1646 Goldynghnm.

1276 1644 1361 1727 prior
1375 1645 1415 1709 de
1429 1645 1621 1712 Alesburne.

1272 1730 1440 1798 Johnnnee
1453 1733 1495 1797 de
1510 1732 1678 1819 l'hweyth.
1818 1818 1820 1821 Ι

1275 1918 1459 1985 willelmus
1472 1920 1505 1984 le
1521 1919 1678 1987 Curnoun.

1273 2008 1359 2091 prior
1373 2006 1414 2071 de
1428 2007 1638 2091 Ayleebume.

1273 2095 1360 2178 prior
1373 2095 1414 2158 de
1429 2093 1637 2161 Schnldhnm.

1272 2181 1423 2246 dominus
1437 2179 1578 2247 Thomu·
1592 2183 1634 2246 de
1650 2182 1770 2248 Sancto
1785 2183 1913 2251 Omero.

1273 2267 1440 2333 Gnlfridne
1454 2269 1496 2333 de
1511 2270 1543 2334 la
1558 2267 1680 2336 Penne.

1271 2353 1437 2420 lohannes
1452 2355 1571 2442 Pygot.

1272 2444 1430 2529 magister
1445 2442 1624 2527 Hospitnlis
1640 2442 1754 2515 Sancti
1768 2444 1891 2531 Egidii.

1274 2616 1426 2681 dominus
1440 2615 1604 2683 lohannes
1617 2616 1659 2682 de
1674 2618 1861 2703 Asgentein.

1273 2702 1412 2769 Thomas
1428 2703 1587 2789 Spryggy.

1204 2786 1215 2799 '
1273 2790 1431 2857 Katerina
1444 2792 1476 2855 le
1491 2790 1648 2858 Curnonn.

1273 2879 1428 2965 magister
1441 2879 1481 2943 de
1496 2878 1690 2947 Kerebroke.

1271 3042 1422 3106 dominus
1438 3004 1621 3105 win'omus
1636 3040 1795 3108 eamn

1271 3129 1441 3195 Hubertue
1454 3126 1587 3193 anun.

1272 3292 1385 3356 Simon
1398 3290 1441 3355 de
1455 3289 1659 3374 Herdyrsete.

1271 3380 1420 3443 dominns
1434 3379 1616 3442 Adomeme
1630 3378 1670 3441 de
1684 3376 1834 3444 valenae.

1271 3465 1371 3551 Hngo
1384 3464 1516 3529 Peverel
1529 3465 1564 3528 in
1578 3465 1725 3530 custodie
1738 3465 1863 3531 domini
1877 3466 1976 3551 regie.

1271 3553 1293 3618 J
1293 3551 1421 3616 ohanne
1434 3551 1576 3617 Peverel.

1202 3679 1213 3693 ·
1271 3639 1439 3703 Hubertne
1453 3638 1584 3703 anon.

1272 3725 1438 3792 (iilbertne
1453 3725 1583 3790 Baliolf.

1270 3814 1358 3898 prior
1372 3813 1412 3877 de
1425 3811 1678 3898 Wymnndham.

1271 3899 1384 3964 Simon
1399 3900 1440 3964 de
1455 3899 1654 3965 Herdireete.

1270 3987 1424 4074 magister
1437 3985 1479 4052 de
1493 3985 1671 4052 Kerbroke.

1270 4150 1423 4216 dominus
1438 4149 1619 4213 Adomnrue
1633 4149 1674 4213 de
1686 4148 1836 4216 Valenoe.

1203 4277 1213 4288 -
1270 4239 1422 4303 dominns
1437 4234 1604 4302 lohannes
1618 4237 1658 4300 de
1669 4237 1860 4322 Argentein.

1270 4327 1357 4410 prior
1371 4325 1412 4390 de
1428 4321 1687 4410 wymundham:

1270 4487 1419 4552 dominus
1433 4487 1595 4552 Rodullue
1609 4485 1786 4550 Mnlherbe.

1271 4575 1444 4640 Godfridue
1459 4574 1500 4638 de
1516 4576 1548 4638 la
1563 4573 1695 4639 Bokele.

1270 4663 1425 4748 magister
1438 4662 1479 4726 de
1494 4659 1671 4726 Kerbroke.

1270 4825 1420 4928 dominus
1436 4824 1599 4888 lohannes
1614 4824 1656 4887 de
1671 4821 1883 4912 Claveryngg.

1250 4827 1436 4995 [odbertus
1451 4911 1490 4975 de
1505 4908 1670 4978 Etleham.

1198 5241 1261 5406 l

1246 5491 1288 5660 [ρ

1268 5074 1366 5139 abbae
1381 5073 1494 5138 Sancti
1507 5073 1679 5138 Benedicti
1693 5075 1734 5140 de
1750 5075 1884 5144 Hulmo.

1266 5239 1354 5322 prior
1368 5237 1399 5300 N
1400 5237 1517 5301 orwioi.

1266 5326 1417 5411 priorisse
1431 5324 1472 5389 de
1487 5321 1648 5390 Oerhowe.

1288 5492 1354 5554 rior
1368 5487 1517 5553 Norwiei.

1266 5577 1365 5642 ebbae
1380 5575 1493 5640 Sancti
1508 5574 1680 5641 Benedicti
1695 5575 1735 5640 de
1749 5575 1883 5642 Hulmo.

1267 5741 1367 5827 Hugo
1381 5740 1422 5804 de
1436 5739 1618 5803 Dunstone.

1199 5869 1210 5880 -
1268 5828 1381 5892 Simon
1396 5828 1436 5891 de
1452 5825 1652 5890 Herdireete.

1268 5915 1453 5979 willelmus
1467 5915 1508 5978 de
1523 5912 1678 5979 Berlorde
1694 5912 1729 5976 in
1744 5914 1899 5982 custodia.
