5000 7050
1103 1087 1208 1156 nb.
1235 1089 1330 1154 1428.
1918 1089 1980 1158 575

471 1371 669 1460 juratomm‚
692 1379 748 1465 qui
772 1379 886 1445 dicunt
915 1401 1011 1465 super
1040 1386 1281 1447 sacramentum
1310 1401 1405 1446 suum
1435 1381 1520 1465 quod
1550 1401 1661 1446 omnes
1685 1402 1819 1466 persone
1850 1382 1884 1446 in
1915 1383 1979 1447 ista

476 1466 693 1551 inquisicione
708 1469 873 1533 nominate
889 1481 965 1532 sunt
981 1470 1091 1535 seisite
1116 1476 1152 1533 et
1176 1471 1408 1553 pcesessionate
1435 1477 1469 1534 et
1496 1490 1607 1534 eorum
1629 1470 1767 1554 quilibet
1783 1478 1833 1534 eat
1846 1471 1979 1534 seisitus

476 1561 510 1614 et
535 1556 791 1637 possessicnatus
816 1559 851 1620 in
873 1558 968 1620 terris
993 1562 1027 1621 et
1049 1559 1246 1621 tenementis
1261 1558 1296 1620 in
1312 1558 1476 1622 dominico
1491 1577 1549 1621 suo
1563 1565 1602 1620 ut
1617 1557 1658 1621 de
1673 1556 1775 1620 libero
1789 1563 1979 1623 tenemento

477 1661 544 1719 suo,
559 1649 596 1706 et
608 1647 727 1707 teuent
741 1663 799 1707 seu
813 1650 906 1709 tenet
920 1644 1016 1708 modo
1031 1649 1066 1708 et
1080 1646 1193 1724 forma,
1208 1647 1267 1730 qui
1283 1649 1449 1727 sequntur,
1464 1643 1617 1708 videlicet
1631 1645 1717 1728 quod
1729 1671 1783 1712 :-

520 1853 689 1934 Unfridns,
704 1876 812 1920 comes
838 1855 1015 1921 Statiordie
1043 1861 1125 1936 (sic),
1139 1857 1320 1922 inmediate
1345 1862 1438 1922 tenet
1462 1859 1500 1922 in
1524 1858 1754 1927 fiscannensis
1776 1859 1820 1927 di.
1838 1858 1862 1926 t'.
1878 1882 1922 1927 m.
1937 1860 1978 1925 de

475 1961 552 2025 rege
567 1943 618 2008 i.c.
634 1943 722 2028 quod
737 1964 841 2028 nuper
855 1946 921 2010 fuit
936 1944 1068 2009 Ricordi
1083 1945 1230 2030 Wyleby.

519 2103 684 2171 lohannes
709 2104 910 2171 Wentworth
935 2107 1115 2172 inmediate
1140 2111 1234 2173 tenet
1262 2108 1299 2171 in
1328 2105 1447 2176 Nonne
1476 2109 1711 2177 Burrenum
1741 2111 1786 2176 di.
1810 2111 1833 2176 f.
1860 2132 1906 2177 m.
1937 2109 1979 2175 de

474 2189 648 2258 heredibus
663 2193 829 2258 Edmundi
845 2193 1100 2279 Baccnesthorp‚
1114 2195 1201 2281 quod
1215 2215 1319 2280 nuper
1332 2193 1398 2260 fuit
1414 2196 1435 2263 J
1436 2196 1572 2261 ohannis
1586 2197 1777 2265 Hedersete.

519 2354 613 2419 Idem
637 2354 802 2421 Johannes
827 2355 1030 2421 Wentwcrtb
1052 2359 1232 2422 inmediate
1255 2361 1347 2423 tenet
1363 2364 1514 2443 quartam
1529 2365 1653 2444 partem
1665 2359 1692 2444 j.
1709 2361 1732 2426 f.
1747 2382 1794 2427 m.
1809 2361 1844 2425 in
1859 2359 1978 2429 Noram

475 2439 887 2598 ldhnshhldlllheilellllta
915 2445 956 2508 de
981 2442 1153 2509 heredibus
1182 2445 1302 2529 Rogeri
1331 2445 1393 2510 filii
1420 2446 1561 2526 osberti,
1588 2468 1651 2532 que
1674 2468 1779 2532 nuper
1805 2449 1871 2513 fuir
1895 2450 1977 2514 dicti

519 2693 672 2757 Alienum
687 2693 826 2779 Manthy
840 2700 929 2759 tenet
944 2695 980 2758 in
995 2694 1199 2761 Bssruossrr
1214 2696 1261 2760 di.
1277 2693 1301 2760 i.
1319 2717 1364 2761 m.
1390 2694 1569 2760 inmediate
1592 2695 1634 2761 de
1659 2697 1831 2762 heredibus
1857 2697 1977 2785 cheri

477 2779 537 2842 filii
554 2779 692 2860 orberti,
707 2783 794 2867 quod
808 2783 972 2867 quendem
987 2782 1053 2846 iuit
1067 2782 1201 2846 Roberti
1216 2782 1356 2867 Maltby.

518 2943 709 3011 Edmundus
722 2946 858 3030 Wynter
883 2952 974 3011 tenet
999 2947 1034 3011 in
1058 2946 1129 3014 Tou
1153 2946 1389 3014 Brennum
1413 2947 1462 3033 iij.
1479 2953 1585 3032 partes
1594 2946 1622 3033 j.
1640 2948 1662 3014 f.
1679 2970 1724 3014 m.
1741 2949 1920 3014 inmediate
1936 2950 1976 3015 de

474 3029 646 3097 heredibus
662 3034 792 3098 Ricardi
807 3035 850 3100 de
865 3034 1001 3115 Rolrele,
1015 3034 1100 3120 quod
1115 3054 1217 3118 nuper
1231 3034 1298 3100 init
1311 3033 1335 3100 J
1335 3034 1472 3100 ohannis
1488 3035 1622 3102 (lurscn.

518 3190 684 3258 Johannee
698 3195 834 3261 Samson
849 3203 882 3262 et
897 3195 1018 3262 Cecilia
1031 3217 1112 3260 uxor
1126 3196 1196 3281 ejus
1211 3203 1328 3261 tenent
1341 3197 1376 3259 in
1393 3195 1577 3265 ΒουοΗτοΝ
1589 3196 1616 3281 j.
1632 3196 1656 3263 i.
1673 3218 1718 3263 m.
1746 3196 1788 3262 de
1803 3155 1976 3264 heredibus

461 3280 603 3345 ’comitis
618 3280 795 3364 Noriolkie‚
809 3284 896 3370 quod
909 3304 1016 3368 nuper
1029 3284 1095 3348 init
1109 3283 1269 3348 Johannis
1284 3284 1395 3351 Hales.

518 3438 676 3504 Ricardus
704 3437 872 3520 carbonel,
900 3441 1007 3518 miles,
1034 3448 1125 3506 tenet
1153 3443 1188 3506 in
1214 3442 1357 3510 Mnnrorr
1383 3442 1429 3509 di.
1456 3443 1481 3509 f.
1510 3464 1556 3508 m.
1581 3442 1623 3507 de
1650 3442 1822 3508 heredibus
1844 3445 1975 3511 comitis

475 3526 667 3608 Marescalli,
682 3528 768 3610 qnod
783 3549 887 3614 nuper
901 3530 967 3594 fnit
980 3528 1105 3595 Thcme
1120 3530 1286 3616 Latymer.

517 3706 682 3773 lohannes
708 3707 860 3789 Horam,
884 3670 992 3786 miles,
1017 3713 1114 3774 tenet
1142 3712 1178 3774 in
1207 3709 1365 3777 Kusmorr
1390 3708 1418 3794 j.
1442 3708 1467 3775 i.
1492 3732 1538 3777 m.
1567 3708 1607 3774 de
1636 3709 1812 3775 heredibus
1842 3715 1974 3778 comitis

473 3794 658 3875 Wsrennie‚
671 3796 756 3881 quod
773 3816 874 3881 nuper
889 3797 956 3861 fuit
969 3796 1101 3862 Ricardi
1115 3796 1223 3881 Plays.

517 3976 656 4040 Thomas
684 3976 863 4061 Cheucsrys
892 3980 985 4041 tenet
1011 3977 1049 4041 in
1078 3976 1238 4045 (lanensis
1269 3976 1307 4061 ij.
1331 3975 1356 4043 f.
1383 3997 1429 4043 m.
1456 3976 1498 4043 de
1528 3977 1701 4043 heredibus
1731 3978 1814 4043 dicti
1844 3982 1973 4046 comitis

473 4061 654 4144 Warennie,
669 4084 731 4149 que
745 4084 847 4148 nuper
862 4063 993 4128 iuemnt
1010 4063 1162 4149 Merjerie
1177 4064 1287 4128 uxoris
1302 4064 1469 4130 Edmundi
1485 4064 1603 4131 Baccn.

516 4224 682 4291 Johannes
695 4226 924 4312 Hevyngham‚
940 4226 1046 4306 miles,
1059 4233 1095 4290 et
1108 4228 1291 4310 percenarii
1306 4228 1357 4291 sui
1372 4226 1479 4293 etalii
1493 4231 1642 4291 tenentes
1656 4232 1772 4291 tenent
1796 4231 1831 4292 in
1858 4229 1972 4299 Thoar>

471 4311 630 4485 iffi}
637 4315 665 4398 j.
681 4313 706 4380 f.
722 4336 768 4380 m.
794 4315 975 4378 inmediate
999 4314 1038 4378 de
1060 4312 1234 4379 heredibus
1248 4314 1406 4379 Willelmi
1422 4312 1497 4398 Say,
1514 4314 1600 4398 qnod
1615 4335 1718 4399 nuper
1732 4316 1797 4380 init
1812 4316 1972 4383 Willelmi

515 4562 681 4628 Jchannes
710 4563 854 4649 Bemeye
883 4565 925 4628 de
950 4563 1199 4650 Wychyngham
1229 4564 1352 4649 Magna
1381 4567 1473 4629 tenet
1502 4563 1538 4627 in
1570 4561 1709 4629 Gonnos
1739 4562 1783 4627 di.
1811 4564 1834 4629 l.
1860 4585 1904 4631 m.
1931 4566 1972 4630 de

471 4649 638 4715 Willelmo
652 4652 802 4737 episcopo
816 4653 1023 4732 Norwicensi,
1038 4653 1125 4737 quod
1139 4672 1242 4738 nuper
1256 4651 1322 4716 fuit
1337 4650 1495 4716 Jobannis
1510 4649 1655 4715 Guntcn.

513 4824 689 4890 Nichclaus
703 4825 812 4890 Jemes
825 4830 919 4889 tenet
933 4828 968 4889 in
985 4825 1179 4893 Smeennnu
1194 4828 1344 4912 quartam
1360 4828 1485 4907 partem
1499 4824 1524 4909 j.
1540 4824 1564 4889 f.
1581 4823 1680 4888 mdc
1697 4821 1846 4889 Jchanne
1863 4824 1970 4889 Ireche

471 4931 532 4995 que
547 4932 651 4997 nuper
665 4913 731 4977 fuit
745 4912 880 4977 Roberti
894 4912 1086 4999 Eggemere.

512 5075 695 5144 Willelmus
723 5074 844 5139 Paston
873 5080 967 5140 tenet
996 5076 1032 5139 in
1065 5075 1258 5144 sumemus
1289 5072 1437 5158 predicta
1466 5074 1604 5139 terciam
1640 5078 1766 5156 partem
1802 5075 1827 5161 j.
1854 5095 1899 5141 m.
1930 5076 1971 5141 de

469 5162 637 5228 heredibus
651 5164 803 5249 Hugonis
817 5161 858 5227 de
873 5162 1110 5248 Dodyngseles,
1124 5184 1187 5246 quo
1201 5182 1304 5247 nuper
1319 5160 1384 5225 tuit
1399 5160 1533 5225 Roberti
1548 5161 1589 5223 de
1604 5159 1773 5245 Weylond.

509 5341 632 5406 Dicunt
647 5342 748 5406 eciam
758 5340 922 5425 juratores
937 5340 1080 5425 predicti
1093 5339 1179 5423 quod
1194 5338 1283 5403 nulle
1299 5343 1376 5403 snut
1391 5338 1456 5402 ulie
1471 5357 1604 5421 persone
1621 5339 1689 5402 sive
1712 5343 1863 5405 tenentes
1886 5340 1970 5406 infra

467 5428 673 5494 hundredum
698 5430 883 5514 predictum
910 5429 1022 5493 scisite
1040 5428 1075 5490 in
1090 5428 1255 5491 dominico
1269 5446 1326 5491 suo
1340 5425 1521 5490 inmediste
1536 5430 1576 5489 ut
1591 5424 1633 5489 de
1647 5424 1750 5489 libero
1764 5432 1968 5508 tenemento,

468 5516 554 5582 unde
569 5518 672 5582 iidem
687 5537 822 5600 persone
838 5519 904 5579 sive
921 5520 1070 5579 tenentes
1085 5516 1322 5598 possessionete
1339 5515 1496 5590 existunt,
1512 5514 1566 5597 qui
1583 5517 1700 5577 tenent
1725 5533 1782 5598 per
1802 5516 1969 5601 integrum

465 5604 595 5668 feodum
620 5606 747 5683 militis,
777 5603 1001 5680 medietatem,
1028 5604 1163 5665 terciam
1194 5601 1245 5664 vel
1274 5608 1424 5683 quartem
1454 5611 1579 5683 partem
1608 5601 1705 5664 unius
1734 5600 1822 5666 feodi
1852 5600 1970 5667 militis

466 5692 635 5756 inclusive.

512 5854 553 5917 In
588 5851 683 5941 cujus
719 5853 770 5917 rei
805 5853 1034 5917 testimonium
1066 5850 1226 5935 juratores
1256 5848 1398 5935 predicti
1427 5847 1506 5914 huic
1534 5851 1744 5939 inquisicioni
1773 5850 1882 5935 sigilla
1911 5870 1969 5917 sua

467 5949 697 6027 apposuerunt.
740 5940 865 6007 Datum
879 5940 959 6020 loco,
973 5940 1026 6004 die
1041 5949 1075 6005 et
1091 5958 1178 6005 anno
1192 5936 1399 6022 supradictis.
