<?xml version="1.0" encoding="UTF-8"?>
<!DOCTYPE html PUBLIC "-//W3C//DTD XHTML 1.0 Transitional//EN"
    "http://www.w3.org/TR/xhtml1/DTD/xhtml1-transitional.dtd">
<html xmlns="http://www.w3.org/1999/xhtml" xml:lang="en" lang="en">
 <head>
  <title>
</title>
<meta http-equiv="Content-Type" content="text/html;charset=utf-8" />
  <meta name='ocr-system' content='tesseract 3.04.00' />
  <meta name='ocr-capabilities' content='ocr_page ocr_carea ocr_par ocr_line ocrx_word'/>
</head>
<body>
  <div class='ocr_page' id='page_1' title='image "./inquisitionsand00offigoog_0628.png"; bbox 0 0 5000 7050; ppageno 0'>
   <div class='ocr_carea' id='block_1_1' title="bbox 1189 1043 1410 1112">
    <p class='ocr_par' dir='ltr' id='par_1_1' title="bbox 1189 1043 1410 1112">
     <span class='ocr_line' id='line_1_1' title="bbox 1189 1043 1410 1112; baseline -0.009 -3"><span class='ocrx_word' id='word_1_1' title='bbox 1189 1043 1410 1112; x_wconf 87' lang='lat' dir='ltr'><strong>NORFOLK.</strong></span> 
     </span>
    </p>
   </div>
   <div class='ocr_carea' id='block_1_2' title="bbox 1083 1329 1544 1400">
    <p class='ocr_par' dir='ltr' id='par_1_2' title="bbox 1083 1329 1544 1400">
     <span class='ocr_line' id='line_1_2' title="bbox 1083 1329 1544 1400; baseline -0.013 0"><span class='ocrx_word' id='word_1_2' title='bbox 1083 1334 1279 1400; x_wconf 80' lang='lat' dir='ltr'><strong>Dacansros</strong></span> <span class='ocrx_word' id='word_1_3' title='bbox 1302 1352 1345 1397; x_wconf 86' lang='lat' dir='ltr'><strong>nn</strong></span> <span class='ocrx_word' id='word_1_4' title='bbox 1368 1329 1544 1398; x_wconf 83' lang='lat' dir='ltr'><strong>BRISLE.</strong></span> 
     </span>
    </p>
   </div>
   <div class='ocr_carea' id='block_1_3' title="bbox 563 1488 2073 1752">
    <p class='ocr_par' dir='ltr' id='par_1_3' title="bbox 563 1488 2073 1752">
     <span class='ocr_line' id='line_1_3' title="bbox 605 1488 2070 1584; baseline -0.005 -23"><span class='ocrx_word' id='word_1_5' title='bbox 605 1498 783 1584; x_wconf 91' lang='lat' dir='ltr'><strong>Inquisicio</strong></span> <span class='ocrx_word' id='word_1_6' title='bbox 806 1501 901 1580; x_wconf 87' lang='lat' dir='ltr'><strong>capta</strong></span> <span class='ocrx_word' id='word_1_7' title='bbox 925 1497 1011 1581; x_wconf 83' lang='lat' dir='ltr'><strong>apud</strong></span> <span class='ocrx_word' id='word_1_8' title='bbox 1036 1494 1179 1578; x_wconf 84' lang='lat' dir='ltr'><strong>Lytham</strong></span> <span class='ocrx_word' id='word_1_9' title='bbox 1204 1495 1259 1557; x_wconf 91' lang='lat' dir='ltr'><strong>die</strong></span> <span class='ocrx_word' id='word_1_10' title='bbox 1287 1493 1377 1556; x_wconf 87' lang='lat' dir='ltr'><strong>Lnnc</strong></span> <span class='ocrx_word' id='word_1_11' title='bbox 1402 1493 1547 1576; x_wconf 85' lang='lat' dir='ltr'><strong>proxima</strong></span> <span class='ocrx_word' id='word_1_12' title='bbox 1562 1495 1636 1574; x_wconf 92' lang='lat' dir='ltr'><strong>post</strong></span> <span class='ocrx_word' id='word_1_13' title='bbox 1650 1490 1772 1553; x_wconf 87' lang='lat' dir='ltr'><strong>festum</strong></span> <span class='ocrx_word' id='word_1_14' title='bbox 1788 1488 1899 1553; x_wconf 78' lang='lat' dir='ltr'><strong>Sancti</strong></span> <span class='ocrx_word' id='word_1_15' title='bbox 1917 1490 2070 1554; x_wconf 84' lang='lat' dir='ltr'><strong>Barnabe</strong></span> 
     </span>
     <span class='ocr_line' id='line_1_4' title="bbox 563 1579 2073 1670; baseline -0.006 -20"><span class='ocrx_word' id='word_1_16' title='bbox 563 1588 702 1670; x_wconf 90' lang='lat' dir='ltr'><strong>apostoli</strong></span> <span class='ocrx_word' id='word_1_17' title='bbox 723 1606 809 1649; x_wconf 92' lang='lat' dir='ltr'><strong>anno</strong></span> <span class='ocrx_word' id='word_1_18' title='bbox 831 1585 924 1668; x_wconf 85' lang='lat' dir='ltr'><strong>regni</strong></span> <span class='ocrx_word' id='word_1_19' title='bbox 947 1586 1034 1668; x_wconf 87' lang='lat' dir='ltr'><strong>regis</strong></span> <span class='ocrx_word' id='word_1_20' title='bbox 1058 1583 1198 1646; x_wconf 88' lang='lat' dir='ltr'><strong>Henrici</strong></span> <span class='ocrx_word' id='word_1_21' title='bbox 1222 1583 1304 1644; x_wconf 87' lang='lat' dir='ltr'><strong>serti</strong></span> <span class='ocrx_word' id='word_1_22' title='bbox 1327 1587 1401 1663; x_wconf 88' lang='lat' dir='ltr'><strong>post</strong></span> <span class='ocrx_word' id='word_1_23' title='bbox 1427 1584 1639 1664; x_wconf 88' lang='lat' dir='ltr'><strong>conquestum</strong></span> <span class='ocrx_word' id='word_1_24' title='bbox 1667 1584 1759 1641; x_wconf 84' lang='lat' dir='ltr'><strong>sexto</strong></span> <span class='ocrx_word' id='word_1_25' title='bbox 1781 1597 1886 1641; x_wconf 86' lang='lat' dir='ltr'><strong>coram</strong></span> <span class='ocrx_word' id='word_1_26' title='bbox 1909 1579 2073 1643; x_wconf 91' lang='lat' dir='ltr'><strong>Nicholao</strong></span> 
     </span>
     <span class='ocr_line' id='line_1_5' title="bbox 565 1665 1836 1752; baseline -0.006 -14"><span class='ocrx_word' id='word_1_27' title='bbox 565 1674 695 1752; x_wconf 78' lang='lat' dir='ltr'><strong>(lasteli,</strong></span> <span class='ocrx_word' id='word_1_28' title='bbox 713 1672 875 1737; x_wconf 92' lang='lat' dir='ltr'><strong>Willelmo</strong></span> <span class='ocrx_word' id='word_1_29' title='bbox 891 1671 1033 1750; x_wconf 78' lang='lat' dir='ltr'><strong>walton,</strong></span> <span class='ocrx_word' id='word_1_30' title='bbox 1048 1671 1186 1734; x_wconf 87' lang='lat' dir='ltr'><strong>Ricardo</strong></span> <span class='ocrx_word' id='word_1_31' title='bbox 1201 1668 1310 1735; x_wconf 84' lang='lat' dir='ltr'><strong>Bowre</strong></span> <span class='ocrx_word' id='word_1_32' title='bbox 1325 1667 1550 1732; x_wconf 78' lang='lat' dir='ltr'><strong>collectoribus</strong></span> <span class='ocrx_word' id='word_1_33' title='bbox 1565 1665 1623 1731; x_wconf 68' lang='lat' dir='ltr'><strong>dic.</strong></span> <span class='ocrx_word' id='word_1_34' title='bbox 1643 1674 1690 1744; x_wconf 82' lang='lat' dir='ltr'><strong>(aa</strong></span> <span class='ocrx_word' id='word_1_35' title='bbox 1706 1665 1836 1748; x_wconf 79' lang='lat' dir='ltr'><strong>before).</strong></span> 
     </span>
    </p>
   </div>
   <div class='ocr_carea' id='block_1_4' title="bbox 566 1853 2075 2116">
    <p class='ocr_par' dir='ltr' id='par_1_4' title="bbox 566 1853 2075 2116">
     <span class='ocr_line' id='line_1_6' title="bbox 609 1853 2075 1943; baseline -0.003 -22"><span class='ocrx_word' id='word_1_36' title='bbox 609 1859 650 1922; x_wconf 90' lang='lat' dir='ltr'><strong>In</strong></span> <span class='ocrx_word' id='word_1_37' title='bbox 673 1859 764 1923; x_wconf 90' lang='lat' dir='ltr'><strong>nulla</strong></span> <span class='ocrx_word' id='word_1_38' title='bbox 792 1859 947 1943; x_wconf 89' lang='lat' dir='ltr'><strong>parochia</strong></span> <span class='ocrx_word' id='word_1_39' title='bbox 975 1860 1156 1942; x_wconf 86' lang='lat' dir='ltr'><strong>subscripta</strong></span> <span class='ocrx_word' id='word_1_40' title='bbox 1183 1858 1270 1921; x_wconf 88' lang='lat' dir='ltr'><strong>infra</strong></span> <span class='ocrx_word' id='word_1_41' title='bbox 1300 1857 1495 1920; x_wconf 89' lang='lat' dir='ltr'><strong>decanatum</strong></span> <span class='ocrx_word' id='word_1_42' title='bbox 1525 1855 1565 1918; x_wconf 92' lang='lat' dir='ltr'><strong>de</strong></span> <span class='ocrx_word' id='word_1_43' title='bbox 1594 1853 1705 1936; x_wconf 87' lang='lat' dir='ltr'><strong>Brysle</strong></span> <span class='ocrx_word' id='word_1_44' title='bbox 1728 1853 1902 1917; x_wconf 77' lang='lat' dir='ltr'><strong>comitatus</strong></span> <span class='ocrx_word' id='word_1_45' title='bbox 1929 1855 2075 1938; x_wconf 83' lang='lat' dir='ltr'><strong>predicti</strong></span> 
     </span>
     <span class='ocr_line' id='line_1_7' title="bbox 567 1941 2073 2032; baseline -0.003 -22"><span class='ocrx_word' id='word_1_46' title='bbox 567 1947 719 2010; x_wconf 87' lang='lat' dir='ltr'><strong>videlicet</strong></span> <span class='ocrx_word' id='word_1_47' title='bbox 747 1950 781 2009; x_wconf 92' lang='lat' dir='ltr'><strong>in</strong></span> <span class='ocrx_word' id='word_1_48' title='bbox 811 1947 973 2032; x_wconf 85' lang='lat' dir='ltr'><strong>parochiis</strong></span> <span class='ocrx_word' id='word_1_49' title='bbox 1002 1949 1042 2010; x_wconf 90' lang='lat' dir='ltr'><strong>de</strong></span> <span class='ocrx_word' id='word_1_50' title='bbox 1073 1947 1223 2021; x_wconf 80' lang='lat' dir='ltr'><strong>Gonwnr,</strong></span> <span class='ocrx_word' id='word_1_51' title='bbox 1246 1945 1438 2021; x_wconf 72' lang='lat' dir='ltr'><strong>Kabassos,</strong></span> <span class='ocrx_word' id='word_1_52' title='bbox 1470 1944 1692 2020; x_wconf 81' lang='lat' dir='ltr'><strong>Wnsrnnxau,</strong></span> <span class='ocrx_word' id='word_1_53' title='bbox 1725 1941 1906 2008; x_wconf 71' lang='lat' dir='ltr'><strong>Barbanna</strong></span> <span class='ocrx_word' id='word_1_54' title='bbox 1945 1943 2073 2020; x_wconf 73' lang='lat' dir='ltr'><strong>Panas,</strong></span> 
     </span>
     <span class='ocr_line' id='line_1_8' title="bbox 566 2027 2074 2116; baseline -0.004 -17"><span class='ocrx_word' id='word_1_55' title='bbox 566 2035 747 2113; x_wconf 73' lang='lat' dir='ltr'><strong>Paresaca,</strong></span> <span class='ocrx_word' id='word_1_56' title='bbox 764 2036 989 2113; x_wconf 79' lang='lat' dir='ltr'><strong>Wanmnusn,</strong></span> <span class='ocrx_word' id='word_1_57' title='bbox 1001 2038 1077 2098; x_wconf 90' lang='lat' dir='ltr'><strong>sunt</strong></span> <span class='ocrx_word' id='word_1_58' title='bbox 1092 2035 1201 2096; x_wconf 85' lang='lat' dir='ltr'><strong>decem</strong></span> <span class='ocrx_word' id='word_1_59' title='bbox 1217 2031 1438 2096; x_wconf 72' lang='lat' dir='ltr'><strong>inhabitantes</strong></span> <span class='ocrx_word' id='word_1_60' title='bbox 1453 2029 1619 2094; x_wconf 88' lang='lat' dir='ltr'><strong>domicilia</strong></span> <span class='ocrx_word' id='word_1_61' title='bbox 1634 2033 1794 2094; x_wconf 88' lang='lat' dir='ltr'><strong>tenentes.</strong></span> <span class='ocrx_word' id='word_1_62' title='bbox 1840 2029 1881 2092; x_wconf 91' lang='lat' dir='ltr'><strong>In</strong></span> <span class='ocrx_word' id='word_1_63' title='bbox 1896 2031 1996 2116; x_wconf 81' lang='lat' dir='ltr'><strong>cujus</strong></span> <span class='ocrx_word' id='word_1_64' title='bbox 2012 2027 2074 2094; x_wconf 71' lang='lat' dir='ltr'><strong>dc.</strong></span> 
     </span>
    </p>
   </div>
   <div class='ocr_carea' id='block_1_5' title="bbox 1055 2291 1581 2371">
    <p class='ocr_par' dir='ltr' id='par_1_5' title="bbox 1055 2291 1581 2371">
     <span class='ocr_line' id='line_1_9' title="bbox 1055 2291 1581 2371; baseline -0.002 -14"><span class='ocrx_word' id='word_1_65' title='bbox 1055 2293 1250 2358; x_wconf 82' lang='lat' dir='ltr'><strong>Dncsnanns</strong></span> <span class='ocrx_word' id='word_1_66' title='bbox 1274 2313 1316 2358; x_wconf 84' lang='lat' dir='ltr'><strong>nn</strong></span> <span class='ocrx_word' id='word_1_67' title='bbox 1340 2291 1581 2371; x_wconf 79' lang='lat' dir='ltr'>TOFT(R)ES.</span> 
     </span>
    </p>
   </div>
   <div class='ocr_carea' id='block_1_6' title="bbox 570 2452 2078 2801">
    <p class='ocr_par' dir='ltr' id='par_1_6' title="bbox 570 2452 2078 2801">
     <span class='ocr_line' id='line_1_10' title="bbox 615 2452 2077 2538; baseline 0.001 -22"><span class='ocrx_word' id='word_1_68' title='bbox 615 2455 792 2538; x_wconf 90' lang='lat' dir='ltr'><strong>Inquisicio</strong></span> <span class='ocrx_word' id='word_1_69' title='bbox 816 2459 910 2537; x_wconf 88' lang='lat' dir='ltr'><strong>capta</strong></span> <span class='ocrx_word' id='word_1_70' title='bbox 935 2455 1022 2537; x_wconf 91' lang='lat' dir='ltr'><strong>apnd</strong></span> <span class='ocrx_word' id='word_1_71' title='bbox 1048 2454 1159 2518; x_wconf 83' lang='lat' dir='ltr'><strong>Toftes</strong></span> <span class='ocrx_word' id='word_1_72' title='bbox 1181 2455 1236 2518; x_wconf 91' lang='lat' dir='ltr'><strong>die</strong></span> <span class='ocrx_word' id='word_1_73' title='bbox 1261 2455 1353 2518; x_wconf 92' lang='lat' dir='ltr'><strong>Lune</strong></span> <span class='ocrx_word' id='word_1_74' title='bbox 1378 2455 1525 2538; x_wconf 85' lang='lat' dir='ltr'><strong>proxima</strong></span> <span class='ocrx_word' id='word_1_75' title='bbox 1550 2460 1626 2517; x_wconf 90' lang='lat' dir='ltr'><strong>ante</strong></span> <span class='ocrx_word' id='word_1_76' title='bbox 1652 2453 1773 2518; x_wconf 80' lang='lat' dir='ltr'><strong>festum</strong></span> <span class='ocrx_word' id='word_1_77' title='bbox 1791 2452 1909 2518; x_wconf 86' lang='lat' dir='ltr'><strong>Sancte</strong></span> <span class='ocrx_word' id='word_1_78' title='bbox 1925 2453 2077 2517; x_wconf 87' lang='lat' dir='ltr'><strong>Barnabe</strong></span> 
     </span>
     <span class='ocr_line' id='line_1_11' title="bbox 570 2540 2078 2627; baseline 0 -23"><span class='ocrx_word' id='word_1_79' title='bbox 570 2542 708 2624; x_wconf 86' lang='lat' dir='ltr'><strong>apostoli</strong></span> <span class='ocrx_word' id='word_1_80' title='bbox 730 2562 815 2604; x_wconf 89' lang='lat' dir='ltr'><strong>anno</strong></span> <span class='ocrx_word' id='word_1_81' title='bbox 839 2543 933 2625; x_wconf 73' lang='lat' dir='ltr'><strong>regni</strong></span> <span class='ocrx_word' id='word_1_82' title='bbox 958 2543 1044 2627; x_wconf 86' lang='lat' dir='ltr'><strong>regis</strong></span> <span class='ocrx_word' id='word_1_83' title='bbox 1068 2541 1204 2606; x_wconf 85' lang='lat' dir='ltr'><strong>Hemici</strong></span> <span class='ocrx_word' id='word_1_84' title='bbox 1230 2544 1313 2606; x_wconf 84' lang='lat' dir='ltr'><strong>sexti</strong></span> <span class='ocrx_word' id='word_1_85' title='bbox 1338 2547 1429 2606; x_wconf 86' lang='lat' dir='ltr'><strong>sexto</strong></span> <span class='ocrx_word' id='word_1_86' title='bbox 1451 2561 1559 2604; x_wconf 90' lang='lat' dir='ltr'><strong>coram</strong></span> <span class='ocrx_word' id='word_1_87' title='bbox 1582 2541 1739 2606; x_wconf 89' lang='lat' dir='ltr'><strong>Nicholao</strong></span> <span class='ocrx_word' id='word_1_88' title='bbox 1770 2540 1899 2620; x_wconf 81' lang='lat' dir='ltr'><strong>(lasteli,</strong></span> <span class='ocrx_word' id='word_1_89' title='bbox 1929 2542 2078 2604; x_wconf 85' lang='lat' dir='ltr'><strong>Hentico</strong></span> 
     </span>
     <span class='ocr_line' id='line_1_12' title="bbox 571 2628 2077 2801; baseline 0.001 -110"><span class='ocrx_word' id='word_1_90' title='bbox 571 2629 768 2801; x_wconf 38' lang='lat' dir='ltr'><strong>&amp;1233th</strong></span> <span class='ocrx_word' id='word_1_91' title='bbox 783 2631 879 2693; x_wconf 92' lang='lat' dir='ltr'><strong>sociis</strong></span> <span class='ocrx_word' id='word_1_92' title='bbox 893 2630 961 2692; x_wconf 87' lang='lat' dir='ltr'><strong>suis</strong></span> <span class='ocrx_word' id='word_1_93' title='bbox 975 2630 1198 2694; x_wconf 78' lang='lat' dir='ltr'><strong>collectoribus</strong></span> <span class='ocrx_word' id='word_1_94' title='bbox 1213 2629 1349 2693; x_wconf 91' lang='lat' dir='ltr'><strong>subsidii</strong></span> <span class='ocrx_word' id='word_1_95' title='bbox 1363 2630 1489 2694; x_wconf 92' lang='lat' dir='ltr'><strong>domini</strong></span> <span class='ocrx_word' id='word_1_96' title='bbox 1503 2631 1588 2714; x_wconf 79' lang='lat' dir='ltr'><strong>regis</strong></span> <span class='ocrx_word' id='word_1_97' title='bbox 1603 2631 1637 2692; x_wconf 92' lang='lat' dir='ltr'><strong>in</strong></span> <span class='ocrx_word' id='word_1_98' title='bbox 1653 2631 1813 2693; x_wconf 87' lang='lat' dir='ltr'><strong>comitatu</strong></span> <span class='ocrx_word' id='word_1_99' title='bbox 1828 2629 1859 2692; x_wconf 89' lang='lat' dir='ltr'>N</span> <span class='ocrx_word' id='word_1_100' title='bbox 1862 2628 2001 2693; x_wconf 87' lang='lat' dir='ltr'><strong>orfolkic</strong></span> <span class='ocrx_word' id='word_1_101' title='bbox 2018 2628 2077 2693; x_wconf 76' lang='lat' dir='ltr'><strong>dm.</strong></span> 
     </span>
    </p>
   </div>
   <div class='ocr_carea' id='block_1_7' title="bbox 574 2879 2079 3139">
    <p class='ocr_par' dir='ltr' id='par_1_7' title="bbox 574 2879 2079 3139">
     <span class='ocr_line' id='line_1_13' title="bbox 617 2879 2079 2965; baseline 0.002 -24"><span class='ocrx_word' id='word_1_102' title='bbox 617 2879 657 2942; x_wconf 93' lang='lat' dir='ltr'><strong>In</strong></span> <span class='ocrx_word' id='word_1_103' title='bbox 679 2880 830 2963; x_wconf 85' lang='lat' dir='ltr'><strong>parochia</strong></span> <span class='ocrx_word' id='word_1_104' title='bbox 844 2880 1022 2964; x_wconf 84' lang='lat' dir='ltr'><strong>subscripta</strong></span> <span class='ocrx_word' id='word_1_105' title='bbox 1036 2881 1121 2944; x_wconf 85' lang='lat' dir='ltr'><strong>infra</strong></span> <span class='ocrx_word' id='word_1_106' title='bbox 1135 2880 1332 2943; x_wconf 86' lang='lat' dir='ltr'><strong>decanatum</strong></span> <span class='ocrx_word' id='word_1_107' title='bbox 1347 2880 1388 2944; x_wconf 88' lang='lat' dir='ltr'><strong>de</strong></span> <span class='ocrx_word' id='word_1_108' title='bbox 1403 2879 1560 2960; x_wconf 84' lang='lat' dir='ltr'><strong>Toit(r)es</strong></span> <span class='ocrx_word' id='word_1_109' title='bbox 1575 2881 1750 2944; x_wconf 81' lang='lat' dir='ltr'><strong>comitatus</strong></span> <span class='ocrx_word' id='word_1_110' title='bbox 1764 2879 1903 2965; x_wconf 82' lang='lat' dir='ltr'><strong>predicti</strong></span> <span class='ocrx_word' id='word_1_111' title='bbox 1919 2879 2079 2944; x_wconf 84' lang='lat' dir='ltr'><strong>videlicet</strong></span> 
     </span>
     <span class='ocr_line' id='line_1_14' title="bbox 574 2966 2076 3139; baseline 0.003 -110"><span class='ocrx_word' id='word_1_112' title='bbox 574 2970 620 3117; x_wconf 75' lang='lat' dir='ltr'><strong>lh</strong></span> <span class='ocrx_word' id='word_1_113' title='bbox 633 2968 791 3139; x_wconf 37' lang='lat' dir='ltr'><strong>mih&amp;</strong></span> <span class='ocrx_word' id='word_1_114' title='bbox 809 2967 851 3031; x_wconf 89' lang='lat' dir='ltr'><strong>dc</strong></span> <span class='ocrx_word' id='word_1_115' title='bbox 880 2968 1106 3046; x_wconf 79' lang='lat' dir='ltr'><strong>Tnarnaasou,</strong></span> <span class='ocrx_word' id='word_1_116' title='bbox 1131 2988 1195 3032; x_wconf 91' lang='lat' dir='ltr'><strong>non</strong></span> <span class='ocrx_word' id='word_1_117' title='bbox 1227 2976 1304 3031; x_wconf 88' lang='lat' dir='ltr'><strong>sunt</strong></span> <span class='ocrx_word' id='word_1_118' title='bbox 1333 2966 1446 3031; x_wconf 85' lang='lat' dir='ltr'><strong>decem</strong></span> <span class='ocrx_word' id='word_1_119' title='bbox 1475 2968 1696 3032; x_wconf 77' lang='lat' dir='ltr'><strong>inhabitantes</strong></span> <span class='ocrx_word' id='word_1_120' title='bbox 1718 2967 1885 3032; x_wconf 88' lang='lat' dir='ltr'><strong>domicilia</strong></span> <span class='ocrx_word' id='word_1_121' title='bbox 1906 2972 2076 3034; x_wconf 86' lang='lat' dir='ltr'><strong>tenentes.</strong></span> 
     </span>
    </p>
   </div>
   <div class='ocr_carea' id='block_1_8' title="bbox 1055 3269 1596 3336">
    <p class='ocr_par' dir='ltr' id='par_1_8' title="bbox 1055 3269 1596 3336">
     <span class='ocr_line' id='line_1_15' title="bbox 1055 3269 1596 3336; baseline 0.004 -3"><span class='ocrx_word' id='word_1_122' title='bbox 1055 3269 1251 3334; x_wconf 81' lang='lat' dir='ltr'><strong>Dacsninns</strong></span> <span class='ocrx_word' id='word_1_123' title='bbox 1274 3291 1317 3334; x_wconf 86' lang='lat' dir='ltr'><strong>nn</strong></span> <span class='ocrx_word' id='word_1_124' title='bbox 1341 3269 1596 3336; x_wconf 82' lang='lat' dir='ltr'><strong>INGWORTH.</strong></span> 
     </span>
    </p>
   </div>
   <div class='ocr_carea' id='block_1_9' title="bbox 576 3427 2080 3690">
    <p class='ocr_par' dir='ltr' id='par_1_9' title="bbox 576 3427 2080 3690">
     <span class='ocr_line' id='line_1_16' title="bbox 621 3427 2079 3516; baseline 0.004 -26"><span class='ocrx_word' id='word_1_125' title='bbox 621 3427 799 3511; x_wconf 90' lang='lat' dir='ltr'><strong>Inquisicio</strong></span> <span class='ocrx_word' id='word_1_126' title='bbox 821 3433 918 3511; x_wconf 87' lang='lat' dir='ltr'><strong>capta</strong></span> <span class='ocrx_word' id='word_1_127' title='bbox 941 3428 1028 3512; x_wconf 91' lang='lat' dir='ltr'><strong>apud</strong></span> <span class='ocrx_word' id='word_1_128' title='bbox 1044 3427 1219 3514; x_wconf 81' lang='lat' dir='ltr'><strong>Aylcsham</strong></span> <span class='ocrx_word' id='word_1_129' title='bbox 1242 3431 1278 3492; x_wconf 92' lang='lat' dir='ltr'><strong>in</strong></span> <span class='ocrx_word' id='word_1_130' title='bbox 1303 3431 1463 3494; x_wconf 87' lang='lat' dir='ltr'><strong>comitatu</strong></span> <span class='ocrx_word' id='word_1_131' title='bbox 1478 3429 1647 3494; x_wconf 83' lang='lat' dir='ltr'><strong>Noriolhie</strong></span> <span class='ocrx_word' id='word_1_132' title='bbox 1661 3432 1714 3494; x_wconf 92' lang='lat' dir='ltr'><strong>die</strong></span> <span class='ocrx_word' id='word_1_133' title='bbox 1730 3430 1821 3495; x_wconf 87' lang='lat' dir='ltr'><strong>Luna</strong></span> <span class='ocrx_word' id='word_1_134' title='bbox 1835 3433 1983 3516; x_wconf 87' lang='lat' dir='ltr'><strong>proxima</strong></span> <span class='ocrx_word' id='word_1_135' title='bbox 1999 3437 2079 3497; x_wconf 89' lang='lat' dir='ltr'><strong>ante</strong></span> 
     </span>
     <span class='ocr_line' id='line_1_17' title="bbox 576 3516 2080 3604; baseline 0.005 -26"><span class='ocrx_word' id='word_1_136' title='bbox 576 3516 697 3579; x_wconf 86' lang='lat' dir='ltr'><strong>festum</strong></span> <span class='ocrx_word' id='word_1_137' title='bbox 711 3517 910 3580; x_wconf 87' lang='lat' dir='ltr'><strong>ascencionis</strong></span> <span class='ocrx_word' id='word_1_138' title='bbox 925 3517 1058 3580; x_wconf 88' lang='lat' dir='ltr'><strong>Domini</strong></span> <span class='ocrx_word' id='word_1_139' title='bbox 1072 3538 1158 3582; x_wconf 91' lang='lat' dir='ltr'><strong>anno</strong></span> <span class='ocrx_word' id='word_1_140' title='bbox 1179 3519 1272 3600; x_wconf 76' lang='lat' dir='ltr'><strong>regni</strong></span> <span class='ocrx_word' id='word_1_141' title='bbox 1294 3521 1378 3604; x_wconf 85' lang='lat' dir='ltr'><strong>regis</strong></span> <span class='ocrx_word' id='word_1_142' title='bbox 1402 3519 1533 3581; x_wconf 88' lang='lat' dir='ltr'><strong>Henrici</strong></span> <span class='ocrx_word' id='word_1_143' title='bbox 1560 3519 1645 3581; x_wconf 83' lang='lat' dir='ltr'><strong>sexti</strong></span> <span class='ocrx_word' id='word_1_144' title='bbox 1671 3526 1760 3583; x_wconf 84' lang='lat' dir='ltr'><strong>sexto</strong></span> <span class='ocrx_word' id='word_1_145' title='bbox 1785 3541 1893 3583; x_wconf 89' lang='lat' dir='ltr'><strong>coram</strong></span> <span class='ocrx_word' id='word_1_146' title='bbox 1920 3521 2080 3585; x_wconf 90' lang='lat' dir='ltr'><strong>Nicholao</strong></span> 
     </span>
     <span class='ocr_line' id='line_1_18' title="bbox 578 3603 1698 3690; baseline 0.004 -23"><span class='ocrx_word' id='word_1_147' title='bbox 578 3603 706 3680; x_wconf 80' lang='lat' dir='ltr'><strong>(lasteli,</strong></span> <span class='ocrx_word' id='word_1_148' title='bbox 721 3604 862 3667; x_wconf 86' lang='lat' dir='ltr'><strong>Henrico</strong></span> <span class='ocrx_word' id='word_1_149' title='bbox 877 3604 938 3669; x_wconf 79' lang='lat' dir='ltr'><strong>(lat</strong></span> <span class='ocrx_word' id='word_1_150' title='bbox 951 3611 986 3669; x_wconf 91' lang='lat' dir='ltr'><strong>et</strong></span> <span class='ocrx_word' id='word_1_151' title='bbox 1000 3607 1095 3668; x_wconf 92' lang='lat' dir='ltr'><strong>sociis</strong></span> <span class='ocrx_word' id='word_1_152' title='bbox 1110 3607 1177 3669; x_wconf 89' lang='lat' dir='ltr'><strong>suis</strong></span> <span class='ocrx_word' id='word_1_153' title='bbox 1191 3605 1416 3670; x_wconf 88' lang='lat' dir='ltr'><strong>collectoribus</strong></span> <span class='ocrx_word' id='word_1_154' title='bbox 1431 3604 1487 3670; x_wconf 76' lang='lat' dir='ltr'><strong>&amp;a</strong></span> <span class='ocrx_word' id='word_1_155' title='bbox 1508 3609 1555 3684; x_wconf 85' lang='lat' dir='ltr'><strong>(aa</strong></span> <span class='ocrx_word' id='word_1_156' title='bbox 1571 3607 1698 3690; x_wconf 83' lang='lat' dir='ltr'><strong>before).</strong></span> 
     </span>
    </p>
   </div>
   <div class='ocr_carea' id='block_1_10' title="bbox 580 3791 2081 4054">
    <p class='ocr_par' dir='ltr' id='par_1_10' title="bbox 580 3791 2081 4054">
     <span class='ocr_line' id='line_1_19' title="bbox 621 3791 2080 3880; baseline 0.006 -26"><span class='ocrx_word' id='word_1_157' title='bbox 621 3793 662 3855; x_wconf 94' lang='lat' dir='ltr'><strong>In</strong></span> <span class='ocrx_word' id='word_1_158' title='bbox 677 3791 769 3855; x_wconf 86' lang='lat' dir='ltr'><strong>nulla</strong></span> <span class='ocrx_word' id='word_1_159' title='bbox 782 3792 932 3876; x_wconf 88' lang='lat' dir='ltr'><strong>parochia</strong></span> <span class='ocrx_word' id='word_1_160' title='bbox 946 3793 1125 3877; x_wconf 86' lang='lat' dir='ltr'><strong>subscripta</strong></span> <span class='ocrx_word' id='word_1_161' title='bbox 1140 3794 1224 3856; x_wconf 85' lang='lat' dir='ltr'><strong>infra</strong></span> <span class='ocrx_word' id='word_1_162' title='bbox 1238 3794 1429 3858; x_wconf 86' lang='lat' dir='ltr'><strong>decanatum</strong></span> <span class='ocrx_word' id='word_1_163' title='bbox 1445 3793 1485 3858; x_wconf 91' lang='lat' dir='ltr'><strong>de</strong></span> <span class='ocrx_word' id='word_1_164' title='bbox 1501 3792 1666 3880; x_wconf 81' lang='lat' dir='ltr'><strong>Ingworth</strong></span> <span class='ocrx_word' id='word_1_165' title='bbox 1684 3795 1719 3858; x_wconf 89' lang='lat' dir='ltr'><strong>in</strong></span> <span class='ocrx_word' id='word_1_166' title='bbox 1745 3797 1904 3859; x_wconf 90' lang='lat' dir='ltr'><strong>comitatu</strong></span> <span class='ocrx_word' id='word_1_167' title='bbox 1928 3800 2080 3879; x_wconf 86' lang='lat' dir='ltr'><strong>predicto</strong></span> 
     </span>
     <span class='ocr_line' id='line_1_20' title="bbox 580 3879 2081 3964; baseline 0.006 -22"><span class='ocrx_word' id='word_1_168' title='bbox 580 3880 733 3943; x_wconf 87' lang='lat' dir='ltr'><strong>videlicet</strong></span> <span class='ocrx_word' id='word_1_169' title='bbox 746 3882 781 3943; x_wconf 92' lang='lat' dir='ltr'><strong>in</strong></span> <span class='ocrx_word' id='word_1_170' title='bbox 797 3879 955 3964; x_wconf 88' lang='lat' dir='ltr'><strong>parochiis</strong></span> <span class='ocrx_word' id='word_1_171' title='bbox 969 3882 1009 3943; x_wconf 87' lang='lat' dir='ltr'><strong>de</strong></span> <span class='ocrx_word' id='word_1_172' title='bbox 1024 3881 1201 3947; x_wconf 79' lang='lat' dir='ltr'><strong>Hansaoss</strong></span> <span class='ocrx_word' id='word_1_173' title='bbox 1217 3883 1326 3948; x_wconf 81' lang='lat' dir='ltr'><strong>Paavs</strong></span> <span class='ocrx_word' id='word_1_174' title='bbox 1340 3888 1375 3946; x_wconf 87' lang='lat' dir='ltr'><strong>et</strong></span> <span class='ocrx_word' id='word_1_175' title='bbox 1390 3882 1619 3962; x_wconf 66' lang='lat' dir='ltr'><strong>intimatorem</strong></span> <span class='ocrx_word' id='word_1_176' title='bbox 1637 3889 1713 3948; x_wconf 86' lang='lat' dir='ltr'><strong>sunt</strong></span> <span class='ocrx_word' id='word_1_177' title='bbox 1728 3883 1840 3947; x_wconf 87' lang='lat' dir='ltr'><strong>decem</strong></span> <span class='ocrx_word' id='word_1_178' title='bbox 1855 3883 2081 3951; x_wconf 82' lang='lat' dir='ltr'><strong>inhabitantes</strong></span> 
     </span>
     <span class='ocr_line' id='line_1_21' title="bbox 581 3968 1189 4054; baseline 0.002 -23"><span class='ocrx_word' id='word_1_179' title='bbox 581 3968 747 4031; x_wconf 88' lang='lat' dir='ltr'><strong>domicilia</strong></span> <span class='ocrx_word' id='word_1_180' title='bbox 760 3976 922 4033; x_wconf 87' lang='lat' dir='ltr'><strong>tenentes.</strong></span> <span class='ocrx_word' id='word_1_181' title='bbox 968 3970 1007 4031; x_wconf 93' lang='lat' dir='ltr'><strong>In</strong></span> <span class='ocrx_word' id='word_1_182' title='bbox 1022 3970 1117 4054; x_wconf 87' lang='lat' dir='ltr'><strong>cnjus</strong></span> <span class='ocrx_word' id='word_1_183' title='bbox 1131 3969 1189 4033; x_wconf 77' lang='lat' dir='ltr'><strong>&amp;c</strong></span> 
     </span>
    </p>
   </div>
   <div class='ocr_carea' id='block_1_11' title="bbox 1066 4212 1594 4279">
    <p class='ocr_par' dir='ltr' id='par_1_11' title="bbox 1066 4212 1594 4279">
     <span class='ocr_line' id='line_1_22' title="bbox 1066 4212 1594 4279; baseline 0.008 -4"><span class='ocrx_word' id='word_1_184' title='bbox 1066 4212 1281 4276; x_wconf 80' lang='lat' dir='ltr'><strong>Daoaunnnns</strong></span> <span class='ocrx_word' id='word_1_185' title='bbox 1305 4235 1347 4277; x_wconf 84' lang='lat' dir='ltr'><strong>na</strong></span> <span class='ocrx_word' id='word_1_186' title='bbox 1373 4214 1594 4279; x_wconf 82' lang='lat' dir='ltr'><strong>SPARHAM.</strong></span> 
     </span>
    </p>
   </div>
   <div class='ocr_carea' id='block_1_12' title="bbox 583 4372 2083 4637">
    <p class='ocr_par' dir='ltr' id='par_1_12' title="bbox 583 4372 2083 4637">
     <span class='ocr_line' id='line_1_23' title="bbox 627 4372 2083 4461; baseline 0.004 -25"><span class='ocrx_word' id='word_1_187' title='bbox 627 4372 791 4455; x_wconf 90' lang='lat' dir='ltr'><strong>Inquiscio</strong></span> <span class='ocrx_word' id='word_1_188' title='bbox 817 4377 913 4456; x_wconf 87' lang='lat' dir='ltr'><strong>capta</strong></span> <span class='ocrx_word' id='word_1_189' title='bbox 938 4373 1023 4457; x_wconf 87' lang='lat' dir='ltr'><strong>apud</strong></span> <span class='ocrx_word' id='word_1_190' title='bbox 1048 4372 1184 4437; x_wconf 84' lang='lat' dir='ltr'><strong>Refham</strong></span> <span class='ocrx_word' id='word_1_191' title='bbox 1215 4374 1270 4437; x_wconf 87' lang='lat' dir='ltr'><strong>die</strong></span> <span class='ocrx_word' id='word_1_192' title='bbox 1299 4376 1415 4440; x_wconf 86' lang='lat' dir='ltr'><strong>Martis</strong></span> <span class='ocrx_word' id='word_1_193' title='bbox 1445 4378 1591 4461; x_wconf 84' lang='lat' dir='ltr'><strong>proxima</strong></span> <span class='ocrx_word' id='word_1_194' title='bbox 1621 4384 1697 4443; x_wconf 86' lang='lat' dir='ltr'><strong>ante</strong></span> <span class='ocrx_word' id='word_1_195' title='bbox 1725 4380 1847 4443; x_wconf 85' lang='lat' dir='ltr'><strong>festum</strong></span> <span class='ocrx_word' id='word_1_196' title='bbox 1877 4380 2083 4444; x_wconf 83' lang='lat' dir='ltr'><strong>Ascencionis</strong></span> 
     </span>
     <span class='ocr_line' id='line_1_24' title="bbox 583 4461 2083 4545; baseline 0.005 -21"><span class='ocrx_word' id='word_1_197' title='bbox 583 4461 717 4525; x_wconf 89' lang='lat' dir='ltr'><strong>Domini</strong></span> <span class='ocrx_word' id='word_1_198' title='bbox 741 4480 825 4523; x_wconf 92' lang='lat' dir='ltr'><strong>anno</strong></span> <span class='ocrx_word' id='word_1_199' title='bbox 851 4463 942 4545; x_wconf 84' lang='lat' dir='ltr'><strong>regni</strong></span> <span class='ocrx_word' id='word_1_200' title='bbox 964 4463 1048 4545; x_wconf 87' lang='lat' dir='ltr'><strong>regis</strong></span> <span class='ocrx_word' id='word_1_201' title='bbox 1070 4461 1204 4525; x_wconf 86' lang='lat' dir='ltr'><strong>Henrici</strong></span> <span class='ocrx_word' id='word_1_202' title='bbox 1219 4464 1301 4525; x_wconf 84' lang='lat' dir='ltr'><strong>sexti</strong></span> <span class='ocrx_word' id='word_1_203' title='bbox 1318 4470 1405 4527; x_wconf 85' lang='lat' dir='ltr'><strong>sexto</strong></span> <span class='ocrx_word' id='word_1_204' title='bbox 1420 4484 1527 4528; x_wconf 89' lang='lat' dir='ltr'><strong>coram</strong></span> <span class='ocrx_word' id='word_1_205' title='bbox 1542 4464 1698 4530; x_wconf 89' lang='lat' dir='ltr'><strong>Nicholao</strong></span> <span class='ocrx_word' id='word_1_206' title='bbox 1713 4464 1845 4544; x_wconf 78' lang='lat' dir='ltr'><strong>(lasteli,</strong></span> <span class='ocrx_word' id='word_1_207' title='bbox 1863 4465 2007 4531; x_wconf 78' lang='lat' dir='ltr'><strong>ilenrico</strong></span> <span class='ocrx_word' id='word_1_208' title='bbox 2022 4465 2083 4532; x_wconf 82' lang='lat' dir='ltr'><strong>Cat</strong></span> 
     </span>
     <span class='ocr_line' id='line_1_25' title="bbox 584 4548 1723 4637; baseline 0.006 -24"><span class='ocrx_word' id='word_1_209' title='bbox 584 4554 618 4613; x_wconf 85' lang='lat' dir='ltr'><strong>et</strong></span> <span class='ocrx_word' id='word_1_210' title='bbox 633 4549 727 4612; x_wconf 88' lang='lat' dir='ltr'><strong>sociis</strong></span> <span class='ocrx_word' id='word_1_211' title='bbox 741 4549 808 4611; x_wconf 92' lang='lat' dir='ltr'><strong>suis</strong></span> <span class='ocrx_word' id='word_1_212' title='bbox 822 4548 1045 4611; x_wconf 87' lang='lat' dir='ltr'><strong>collectoribus</strong></span> <span class='ocrx_word' id='word_1_213' title='bbox 1059 4549 1194 4612; x_wconf 90' lang='lat' dir='ltr'><strong>subsidii</strong></span> <span class='ocrx_word' id='word_1_214' title='bbox 1210 4549 1334 4613; x_wconf 93' lang='lat' dir='ltr'><strong>domini</strong></span> <span class='ocrx_word' id='word_1_215' title='bbox 1348 4553 1435 4636; x_wconf 86' lang='lat' dir='ltr'><strong>regis</strong></span> <span class='ocrx_word' id='word_1_216' title='bbox 1451 4549 1508 4617; x_wconf 77' lang='lat' dir='ltr'><strong>dm.</strong></span> <span class='ocrx_word' id='word_1_217' title='bbox 1525 4552 1578 4637; x_wconf 84' lang='lat' dir='ltr'><strong>(ca</strong></span> <span class='ocrx_word' id='word_1_218' title='bbox 1594 4555 1723 4637; x_wconf 63' lang='lat' dir='ltr'><strong>habre).</strong></span> 
     </span>
    </p>
   </div>
   <div class='ocr_carea' id='block_1_13' title="bbox 584 4709 2083 4973">
    <p class='ocr_par' dir='ltr' id='par_1_13' title="bbox 584 4709 2083 4973">
     <span class='ocr_line' id='line_1_26' title="bbox 628 4709 2083 4800; baseline 0.005 -28"><span class='ocrx_word' id='word_1_219' title='bbox 628 4710 669 4772; x_wconf 90' lang='lat' dir='ltr'><strong>In</strong></span> <span class='ocrx_word' id='word_1_220' title='bbox 683 4709 775 4775; x_wconf 92' lang='lat' dir='ltr'><strong>nulla</strong></span> <span class='ocrx_word' id='word_1_221' title='bbox 788 4709 939 4795; x_wconf 88' lang='lat' dir='ltr'><strong>parochia</strong></span> <span class='ocrx_word' id='word_1_222' title='bbox 954 4710 1133 4796; x_wconf 87' lang='lat' dir='ltr'><strong>subscripta</strong></span> <span class='ocrx_word' id='word_1_223' title='bbox 1146 4711 1232 4775; x_wconf 89' lang='lat' dir='ltr'><strong>infra</strong></span> <span class='ocrx_word' id='word_1_224' title='bbox 1246 4712 1440 4777; x_wconf 89' lang='lat' dir='ltr'><strong>decanatum</strong></span> <span class='ocrx_word' id='word_1_225' title='bbox 1455 4713 1496 4777; x_wconf 90' lang='lat' dir='ltr'><strong>de</strong></span> <span class='ocrx_word' id='word_1_226' title='bbox 1512 4714 1669 4799; x_wconf 88' lang='lat' dir='ltr'><strong>Sparham</strong></span> <span class='ocrx_word' id='word_1_227' title='bbox 1694 4718 1729 4779; x_wconf 92' lang='lat' dir='ltr'><strong>in</strong></span> <span class='ocrx_word' id='word_1_228' title='bbox 1752 4717 1912 4779; x_wconf 88' lang='lat' dir='ltr'><strong>comitatu</strong></span> <span class='ocrx_word' id='word_1_229' title='bbox 1934 4718 2083 4800; x_wconf 85' lang='lat' dir='ltr'><strong>predicto</strong></span> 
     </span>
     <span class='ocr_line' id='line_1_27' title="bbox 584 4798 2083 4882; baseline 0.006 -21"><span class='ocrx_word' id='word_1_230' title='bbox 584 4798 735 4861; x_wconf 86' lang='lat' dir='ltr'><strong>videlicet</strong></span> <span class='ocrx_word' id='word_1_231' title='bbox 763 4800 798 4861; x_wconf 94' lang='lat' dir='ltr'><strong>in</strong></span> <span class='ocrx_word' id='word_1_232' title='bbox 828 4798 987 4881; x_wconf 89' lang='lat' dir='ltr'><strong>parochiis</strong></span> <span class='ocrx_word' id='word_1_233' title='bbox 1017 4800 1058 4862; x_wconf 86' lang='lat' dir='ltr'><strong>de</strong></span> <span class='ocrx_word' id='word_1_234' title='bbox 1087 4799 1250 4865; x_wconf 76' lang='lat' dir='ltr'><strong>Twrnoan</strong></span> <span class='ocrx_word' id='word_1_235' title='bbox 1280 4806 1315 4863; x_wconf 89' lang='lat' dir='ltr'><strong>et</strong></span> <span class='ocrx_word' id='word_1_236' title='bbox 1344 4801 1595 4882; x_wconf 83' lang='lat' dir='ltr'><strong>Hannrnoasu,</strong></span> <span class='ocrx_word' id='word_1_237' title='bbox 1619 4810 1693 4866; x_wconf 89' lang='lat' dir='ltr'><strong>sunt</strong></span> <span class='ocrx_word' id='word_1_238' title='bbox 1719 4804 1832 4867; x_wconf 86' lang='lat' dir='ltr'><strong>decem</strong></span> <span class='ocrx_word' id='word_1_239' title='bbox 1863 4802 2083 4870; x_wconf 78' lang='lat' dir='ltr'><strong>inhabitantes</strong></span> 
     </span>
     <span class='ocr_line' id='line_1_28' title="bbox 584 4884 1190 4973; baseline 0.007 -25"><span class='ocrx_word' id='word_1_240' title='bbox 584 4884 749 4950; x_wconf 89' lang='lat' dir='ltr'><strong>domicilia</strong></span> <span class='ocrx_word' id='word_1_241' title='bbox 762 4892 923 4951; x_wconf 81' lang='lat' dir='ltr'><strong>tenentes</strong></span> <span class='ocrx_word' id='word_1_242' title='bbox 968 4887 1010 4949; x_wconf 90' lang='lat' dir='ltr'><strong>in</strong></span> <span class='ocrx_word' id='word_1_243' title='bbox 1024 4887 1118 4973; x_wconf 85' lang='lat' dir='ltr'><strong>cujus</strong></span> <span class='ocrx_word' id='word_1_244' title='bbox 1133 4886 1190 4952; x_wconf 77' lang='lat' dir='ltr'><strong>&amp;a</strong></span> 
     </span>
    </p>
   </div>
   <div class='ocr_carea' id='block_1_14' title="bbox 1049 5124 1628 5196">
    <p class='ocr_par' dir='ltr' id='par_1_14' title="bbox 1049 5124 1628 5196">
     <span class='ocr_line' id='line_1_29' title="bbox 1049 5124 1628 5196; baseline 0.009 -5"><span class='ocrx_word' id='word_1_245' title='bbox 1049 5124 1244 5193; x_wconf 81' lang='lat' dir='ltr'><strong>Dacansnns</strong></span> <span class='ocrx_word' id='word_1_246' title='bbox 1267 5148 1310 5193; x_wconf 84' lang='lat' dir='ltr'><strong>nn</strong></span> <span class='ocrx_word' id='word_1_247' title='bbox 1333 5128 1628 5196; x_wconf 77' lang='lat' dir='ltr'><strong>REDENHALE.</strong></span> 
     </span>
    </p>
   </div>
   <div class='ocr_carea' id='block_1_15' title="bbox 588 5286 2084 5635">
    <p class='ocr_par' dir='ltr' id='par_1_15' title="bbox 588 5286 2084 5635">
     <span class='ocr_line' id='line_1_30' title="bbox 631 5286 2084 5379; baseline 0.008 -29"><span class='ocrx_word' id='word_1_248' title='bbox 631 5286 809 5374; x_wconf 86' lang='lat' dir='ltr'><strong>Inquisicio</strong></span> <span class='ocrx_word' id='word_1_249' title='bbox 823 5291 920 5371; x_wconf 87' lang='lat' dir='ltr'><strong>capta</strong></span> <span class='ocrx_word' id='word_1_250' title='bbox 932 5289 1020 5373; x_wconf 89' lang='lat' dir='ltr'><strong>apud</strong></span> <span class='ocrx_word' id='word_1_251' title='bbox 1034 5288 1136 5374; x_wconf 88' lang='lat' dir='ltr'><strong>Dysse</strong></span> <span class='ocrx_word' id='word_1_252' title='bbox 1152 5290 1205 5355; x_wconf 88' lang='lat' dir='ltr'><strong>die</strong></span> <span class='ocrx_word' id='word_1_253' title='bbox 1219 5290 1355 5356; x_wconf 88' lang='lat' dir='ltr'><strong>Veneris</strong></span> <span class='ocrx_word' id='word_1_254' title='bbox 1377 5294 1524 5378; x_wconf 86' lang='lat' dir='ltr'><strong>proxima</strong></span> <span class='ocrx_word' id='word_1_255' title='bbox 1546 5299 1619 5379; x_wconf 92' lang='lat' dir='ltr'><strong>post</strong></span> <span class='ocrx_word' id='word_1_256' title='bbox 1645 5294 1766 5359; x_wconf 87' lang='lat' dir='ltr'><strong>festum</strong></span> <span class='ocrx_word' id='word_1_257' title='bbox 1791 5294 1902 5359; x_wconf 87' lang='lat' dir='ltr'><strong>Sancti</strong></span> <span class='ocrx_word' id='word_1_258' title='bbox 1924 5294 2084 5363; x_wconf 88' lang='lat' dir='ltr'><strong>Johannis</strong></span> 
     </span>
     <span class='ocr_line' id='line_1_31' title="bbox 588 5375 2083 5466; baseline 0.007 -28"><span class='ocrx_word' id='word_1_259' title='bbox 588 5380 665 5439; x_wconf 86' lang='lat' dir='ltr'><strong>ante</strong></span> <span class='ocrx_word' id='word_1_260' title='bbox 678 5375 811 5439; x_wconf 82' lang='lat' dir='ltr'><strong>Portam</strong></span> <span class='ocrx_word' id='word_1_261' title='bbox 826 5375 979 5439; x_wconf 89' lang='lat' dir='ltr'><strong>Latinam</strong></span> <span class='ocrx_word' id='word_1_262' title='bbox 994 5397 1078 5441; x_wconf 93' lang='lat' dir='ltr'><strong>anno</strong></span> <span class='ocrx_word' id='word_1_263' title='bbox 1091 5380 1181 5463; x_wconf 80' lang='lat' dir='ltr'><strong>regni</strong></span> <span class='ocrx_word' id='word_1_264' title='bbox 1196 5380 1281 5463; x_wconf 82' lang='lat' dir='ltr'><strong>regis</strong></span> <span class='ocrx_word' id='word_1_265' title='bbox 1297 5381 1431 5444; x_wconf 87' lang='lat' dir='ltr'><strong>Henrici</strong></span> <span class='ocrx_word' id='word_1_266' title='bbox 1447 5384 1528 5446; x_wconf 85' lang='lat' dir='ltr'><strong>sexti</strong></span> <span class='ocrx_word' id='word_1_267' title='bbox 1544 5388 1617 5465; x_wconf 89' lang='lat' dir='ltr'><strong>post</strong></span> <span class='ocrx_word' id='word_1_268' title='bbox 1631 5386 1843 5466; x_wconf 89' lang='lat' dir='ltr'><strong>conquestum</strong></span> <span class='ocrx_word' id='word_1_269' title='bbox 1866 5388 1955 5447; x_wconf 87' lang='lat' dir='ltr'><strong>serto</strong></span> <span class='ocrx_word' id='word_1_270' title='bbox 1977 5406 2083 5449; x_wconf 84' lang='lat' dir='ltr'><strong>coram</strong></span> 
     </span>
     <span class='ocr_line' id='line_1_32' title="bbox 588 5460 2083 5635; baseline 0.009 -110"><span class='ocrx_word' id='word_1_271' title='bbox 588 5460 746 5635; x_wconf 49' lang='lat' dir='ltr'><strong>{leifoohgao</strong></span> <span class='ocrx_word' id='word_1_272' title='bbox 785 5462 918 5541; x_wconf 83' lang='lat' dir='ltr'><strong>Castell,</strong></span> <span class='ocrx_word' id='word_1_273' title='bbox 956 5464 1127 5529; x_wconf 89' lang='lat' dir='ltr'><strong>Edmundo</strong></span> <span class='ocrx_word' id='word_1_274' title='bbox 1156 5465 1399 5552; x_wconf 87' lang='lat' dir='ltr'><strong>Yonghusbond</strong></span> <span class='ocrx_word' id='word_1_275' title='bbox 1424 5474 1459 5533; x_wconf 89' lang='lat' dir='ltr'><strong>et</strong></span> <span class='ocrx_word' id='word_1_276' title='bbox 1481 5471 1575 5533; x_wconf 88' lang='lat' dir='ltr'><strong>sociis</strong></span> <span class='ocrx_word' id='word_1_277' title='bbox 1604 5471 1671 5533; x_wconf 91' lang='lat' dir='ltr'><strong>suis</strong></span> <span class='ocrx_word' id='word_1_278' title='bbox 1700 5470 1922 5535; x_wconf 86' lang='lat' dir='ltr'><strong>collectoribus</strong></span> <span class='ocrx_word' id='word_1_279' title='bbox 1948 5470 2006 5538; x_wconf 74' lang='lat' dir='ltr'><strong>duc.</strong></span> <span class='ocrx_word' id='word_1_280' title='bbox 2037 5478 2083 5554; x_wconf 76' lang='lat' dir='ltr'><strong>(aa</strong></span> 
     </span>
    </p>
   </div>
   <div class='ocr_carea' id='block_1_16' title="bbox 634 5710 2085 5805">
    <p class='ocr_par' dir='ltr' id='par_1_16' title="bbox 634 5710 2085 5805">
     <span class='ocr_line' id='line_1_33' title="bbox 634 5710 2085 5805; baseline 0.007 -29"><span class='ocrx_word' id='word_1_281' title='bbox 634 5712 673 5777; x_wconf 93' lang='lat' dir='ltr'><strong>In</strong></span> <span class='ocrx_word' id='word_1_282' title='bbox 689 5713 778 5776; x_wconf 90' lang='lat' dir='ltr'><strong>nulla</strong></span> <span class='ocrx_word' id='word_1_283' title='bbox 792 5710 944 5796; x_wconf 85' lang='lat' dir='ltr'><strong>parochia</strong></span> <span class='ocrx_word' id='word_1_284' title='bbox 958 5712 1137 5799; x_wconf 88' lang='lat' dir='ltr'><strong>subscripta</strong></span> <span class='ocrx_word' id='word_1_285' title='bbox 1150 5717 1236 5781; x_wconf 82' lang='lat' dir='ltr'><strong>infra</strong></span> <span class='ocrx_word' id='word_1_286' title='bbox 1250 5718 1444 5783; x_wconf 84' lang='lat' dir='ltr'><strong>decanatum</strong></span> <span class='ocrx_word' id='word_1_287' title='bbox 1459 5719 1499 5784; x_wconf 89' lang='lat' dir='ltr'><strong>de</strong></span> <span class='ocrx_word' id='word_1_288' title='bbox 1514 5718 1697 5784; x_wconf 84' lang='lat' dir='ltr'><strong>Radenhale</strong></span> <span class='ocrx_word' id='word_1_289' title='bbox 1719 5720 1754 5783; x_wconf 91' lang='lat' dir='ltr'><strong>in</strong></span> <span class='ocrx_word' id='word_1_290' title='bbox 1769 5721 1927 5784; x_wconf 89' lang='lat' dir='ltr'><strong>comitatu</strong></span> <span class='ocrx_word' id='word_1_291' title='bbox 1942 5723 2085 5805; x_wconf 85' lang='lat' dir='ltr'><strong>predicto</strong></span> 
     </span>
    </p>
   </div>
   <div class='ocr_carea' id='block_1_17' title="bbox 588 5798 2082 5979">
    <p class='ocr_par' dir='ltr' id='par_1_17' title="bbox 588 5798 2082 5979">
     <span class='ocr_line' id='line_1_34' title="bbox 588 5798 2082 5890; baseline 0.007 -28"><span class='ocrx_word' id='word_1_292' title='bbox 588 5798 742 5863; x_wconf 86' lang='lat' dir='ltr'><strong>videlicet</strong></span> <span class='ocrx_word' id='word_1_293' title='bbox 769 5800 805 5864; x_wconf 94' lang='lat' dir='ltr'><strong>in</strong></span> <span class='ocrx_word' id='word_1_294' title='bbox 831 5798 992 5884; x_wconf 88' lang='lat' dir='ltr'><strong>parochiis</strong></span> <span class='ocrx_word' id='word_1_295' title='bbox 1021 5801 1061 5866; x_wconf 89' lang='lat' dir='ltr'><strong>de</strong></span> <span class='ocrx_word' id='word_1_296' title='bbox 1090 5803 1228 5870; x_wconf 74' lang='lat' dir='ltr'><strong>Faunae</strong></span> <span class='ocrx_word' id='word_1_297' title='bbox 1258 5812 1291 5870; x_wconf 88' lang='lat' dir='ltr'><strong>et</strong></span> <span class='ocrx_word' id='word_1_298' title='bbox 1322 5807 1436 5874; x_wconf 77' lang='lat' dir='ltr'><strong>Tsoan</strong></span> <span class='ocrx_word' id='word_1_299' title='bbox 1466 5810 1586 5890; x_wconf 82' lang='lat' dir='ltr'><strong>Psava,</strong></span> <span class='ocrx_word' id='word_1_300' title='bbox 1615 5812 1693 5872; x_wconf 89' lang='lat' dir='ltr'><strong>sunt</strong></span> <span class='ocrx_word' id='word_1_301' title='bbox 1722 5807 1832 5872; x_wconf 85' lang='lat' dir='ltr'><strong>decem</strong></span> <span class='ocrx_word' id='word_1_302' title='bbox 1862 5808 2082 5875; x_wconf 82' lang='lat' dir='ltr'><strong>inhabitantes</strong></span> 
     </span>
     <span class='ocr_line' id='line_1_35' title="bbox 592 5885 1191 5979; baseline 0.008 -29"><span class='ocrx_word' id='word_1_303' title='bbox 592 5885 757 5955; x_wconf 82' lang='lat' dir='ltr'><strong>domicilia</strong></span> <span class='ocrx_word' id='word_1_304' title='bbox 770 5892 927 5955; x_wconf 75' lang='lat' dir='ltr'><strong>tenentos.</strong></span> <span class='ocrx_word' id='word_1_305' title='bbox 971 5888 1012 5952; x_wconf 94' lang='lat' dir='ltr'><strong>In</strong></span> <span class='ocrx_word' id='word_1_306' title='bbox 1026 5888 1119 5979; x_wconf 86' lang='lat' dir='ltr'><strong>cujus</strong></span> <span class='ocrx_word' id='word_1_307' title='bbox 1132 5888 1191 5960; x_wconf 79' lang='lat' dir='ltr'><strong>&amp;a</strong></span> 
     </span>
    </p>
   </div>
   <div class='ocr_carea' id='block_1_18' title="bbox 0 0 2538 7044">
    <p class='ocr_par' dir='ltr' id='par_1_18' title="bbox 0 0 2538 7044">
     <span class='ocr_line' id='line_1_36' title="bbox 0 0 2538 7044; baseline 0 0"><span class='ocrx_word' id='word_1_308' title='bbox 0 0 2538 7044; x_wconf 95' lang='lat' dir='ltr'><strong> </strong></span> 
     </span>
    </p>
   </div>
  </div>
 </body>
</html>
