5000 7050
530 1041 593 1103 534
1171 1045 1392 1112 NCRFOLK.

574 1327 766 1412 Radnlphns
794 1330 834 1394 de
870 1331 1045 1418 Elingham
1083 1341 1118 1397 et
1153 1335 1318 1399 Johannes
1353 1337 1394 1399 de
1432 1334 1611 1418 Snyterton
1647 1337 1762 1398 tenent
1790 1332 1826 1393 in
1856 1329 2029 1393 Hnsossu

530 1415 740 1479 medietatem
765 1417 791 1502 j
806 1416 830 1482 f.
846 1439 891 1483 m.
918 1421 959 1483 de
983 1425 1127 1485 manerio
1151 1423 1194 1485 de
1219 1421 1324 1507 Ouhy‚
1349 1429 1385 1487 et
1410 1423 1496 1486 ultra
1520 1422 1561 1485 de
1583 1423 1749 1484 eomitissa
1771 1415 1971 1494 Marsscalla,
1996 1421 2030 1478 et

531 1503 696 1566 comitissa
724 1503 764 1567 de
793 1526 881 1590 rege,
910 1507 997 1570 unde
1025 1508 1190 1573 Johannes
1219 1510 1261 1574 de
1292 1511 1465 1594 Snytertou
1494 1513 1588 1573 tenet
1618 1513 1766 1594 quartam
1793 1509 1919 1590 partem
1943 1504 2030 1565 dicte

531 1590 719 1654 medietatis
733 1590 756 1656 f.
774 1613 818 1658 m.
835 1593 921 1676 quod
935 1595 1118 1659 Alexander
1133 1598 1172 1660 de
1187 1597 1367 1682 Elingham
1383 1597 1545 1683 quondam
1560 1598 1670 1659 tenuit
1737 1635 1748 1646 -
1838 1634 1849 1645 -
1941 1612 2030 1655 xus.

575 1725 714 1790 Isabella
727 1728 767 1792 de
783 1729 945 1817 Snoriugg
959 1737 1052 1796 tenet
1065 1734 1101 1796 in
1116 1735 1279 1801 Hssronn
1301 1755 1404 1798 unum
1426 1735 1626 1819 quarterium
1650 1732 1735 1796 feodi
1760 1731 1801 1795 de
1824 1730 1967 1794 manerio
1990 1726 2031 1789 de

393 1816 398 1826 '
531 1813 698 1895 Horsford,
715 1820 748 1878 et
761 1816 849 1880 idem
864 1819 904 1882 de
918 1839 1005 1904 rege,
1022 1821 1108 1904 quod
1122 1821 1314 1905 Radulphus
1330 1821 1498 1886 Malherbe
1512 1821 1676 1885 tenuit·
1764 1858 1775 1870 ·
1865 1858 1877 1868 -
1965 1833 2028 1879 ns.

574 1951 764 2036 Radulphus
793 1954 833 2018 de
865 1954 1049 2042 Bolrlryngg
1071 1962 1161 2021 tenet
1186 1960 1220 2021 iu
1247 1960 1392 2025 Dnnrrsnr
1414 1960 1455 2022 de
1481 1958 1557 2022 dote
1580 1957 1690 2021 uxoris
1712 1977 1767 2019 sue
1793 1956 1833 2018 de
1858 1951 2030 2016 heredibus

531 2038 690 2104 Willelmi
704 2040 852 2106 Blonrile
868 2063 926 2126 pro
941 2064 1007 2107 uuo
1020 2047 1186 2129 quarterio
1200 2046 1288 2111 feodi
1303 2048 1343 2110 de
1359 2048 1498 2112 Roberto
1513 2046 1554 2109 de
1576 2044 1690 2123 Morle,
1706 2050 1739 2106 et
1764 2043 1853 2106 idem
1879 2042 1918 2103 de
1944 2058 2030 2122 rege,

531 2127 617 2210 quod
632 2127 815 2195 Willelmus
829 2129 977 2195 Blonvile
993 2134 1157 2217 quondam
1173 2135 1280 2197 tenuit
1361 2167 1877 2186 ------
1965 2145 2029 2190 ss.

574 2261 666 2326 Prior
691 2264 833 2329 Ecclesie
859 2264 979 2331 Christi
1002 2269 1175 2334 cantuarie
1199 2276 1292 2334 tenet
1316 2291 1373 2354 pro
1399 2290 1464 2334 uno
1489 2269 1652 2354 quarterio
1678 2269 1702 2332 f.
1718 2287 1763 2331 m.
1779 2266 1820 2328 de
1835 2264 1976 2330 Roberto
1990 2261 2030 2324 de

531 2348 636 2414 Morle
649 2354 684 2414 iu
699 2373 815 2435 puram
829 2359 863 2416 et
877 2362 1068 2438 perpetuam
1083 2357 1290 2421 elemosinam
1358 2398 1370 2409 -
1459 2397 1471 2409 -
1560 2398 1571 2409 -
1662 2396 1673 2407 -
1745 2390 1775 2405 ·-
1864 2392 1875 2403 -
1964 2367 2028 2414 rsa.

575 2487 766 2553 Edmundus
789 2492 831 2555 de
855 2491 1095 2577 Baoonesthorp
1120 2500 1215 2558 tenet
1237 2496 1420 2559 manerium
1436 2496 1580 2558 suumin
1597 2494 1739 2559 Dnnnsrr
1754 2511 1812 2574 pro
1827 2490 1872 2554 di.
1890 2489 1913 2552 f.
1930 2508 1974 2552 m.
1990 2486 2029 2548 de

531 2575 673 2640 Roberto
688 2577 729 2640 de
743 2577 859 2655 Morle,
873 2585 907 2642 et
922 2580 1009 2643 idem
1024 2582 1066 2645 de
1080 2602 1168 2667 rege,
1178 2584 1263 2666 quod
1272 2583 1454 2651 Willelmus
1469 2583 1508 2646 de
1523 2579 1730 2665 Dulyugham
1746 2577 1907 2664 quondam
1923 2573 2032 2638 tenuit

1946 2681 1995 2722 XX.
2004 2681 2030 2724 8.

575 2802 733 2866 Robertus
756 2802 797 2866 de
820 2803 923 2868 Morle
948 2811 1039 2870 tenet
1064 2810 1247 2871 manerium
1263 2829 1357 2872 sunm
1373 2809 1407 2871 in
1423 2809 1545 2874 Mortua
1560 2827 1618 2892 pro
1632 2807 1657 2892 j.
1675 2804 1698 2870 f.
1715 2825 1760 2868 m.
1777 2802 1817 2866 de
1833 2800 1976 2864 manerio
1990 2798 2029 2862 de

529 2888 732 2974 Hokeringg,
745 2896 779 2954 et
794 2891 881 2954 idem
897 2893 937 2956 de
952 2915 1040 2980 rege,
1057 2896 1142 2980 quod
1156 2895 1342 2964 Willelmus
1357 2897 1397 2960 de
1412 2897 1516 2959 Morle
1532 2896 1697 2980 quondam
1712 2891 1822 2954 tenuit
1850 2929 1861 2940 -
1949 2886 2027 2951 xla.

574 3028 666 3092 Idem
682 3031 841 3094 Robertus
855 3033 894 3094 de
910 3033 1013 3095 Morle
1028 3038 1062 3095 et
1077 3037 1228 3098 tenentes
1243 3036 1305 3113 sui,
1322 3034 1473 3098 videlicet
1487 3033 1669 3101 Willelmus
1685 3030 1725 3093 de
1740 3028 1851 3106 Hales,
1867 3026 2028 3091 Robertus

531 3116 571 3178 de
586 3116 694 3201 Hagh,
716 3119 873 3182 Rioardus
898 3120 939 3182 de
957 3121 1049 3204 Aqua
1063 3130 1098 3184 et
1113 3121 1244 3185 heredes
1260 3120 1426 3205 Radulphi
1440 3119 1571 3189 Wiohes
1587 3122 1701 3182 tenent
1716 3118 1751 3179 in
1766 3116 1980 3183 Wmnwo'on
1995 3119 2030 3175 et

531 3203 694 3268 Hsmonn
708 3225 809 3268 unum
825 3209 1023 3291 quarterium
1040 3206 1064 3272 f.
1079 3230 1124 3273 m.
1140 3209 1181 3272 de
1195 3211 1338 3273 manerio
1353 3210 1393 3273 de
1408 3208 1611 3292 Holieriugg,
1627 3210 1661 3270 et
1675 3205 1764 3268 idem
1778 3203 1819 3266 de
1834 3221 1911 3286 rege
1962 3221 2026 3263 ss.

572 3340 755 3408 Willelmus
780 3343 867 3406 filius
892 3344 1027 3409 Roberti
1052 3344 1194 3409 Corzoun
1219 3353 1314 3410 tenet
1336 3347 1371 3409 in
1396 3347 1555 3412 Bannoan
1580 3345 1625 3409 di.
1642 3344 1665 3409 f.
1682 3362 1727 3406 ιιι.
1752 3340 1794 3403 de
1819 3337 1962 3404 Roherto
1987 3336 2027 3399 de

529 3427 646 3505 Morle‚
660 3433 694 3491 et
708 3429 796 3492 idem
811 3431 851 3494 de
865 3452 953 3516 rege,
968 3433 1054 3515 quod
1070 3432 1234 3498 Johauues
1249 3434 1378 3498 Boteler
1393 3435 1552 3497 tenuit·
1641 3471 1652 3482 -
1743 3469 1754 3480 -
1844 3466 1854 3478 -
1942 3445 2026 3488 ras.

572 3563 804 3630 Constantinus
828 3568 870 3631 de
893 3570 1025 3633 Mortuo
1049 3570 1135 3634 Mari
1160 3574 1309 3636 tenetis
1335 3572 1502 3637 Buaunsn
1517 3570 1588 3653 vj³¹¹¹
1607 3574 1732 3652 partem
1756 3564 2027 3632 inderemus

528 3651 713 3733 Warenuie,
728 3660 761 3717 et
776 3676 883 3720 eomes
898 3658 939 3720 de
953 3678 1029 3742 rege
1112 3699 1123 3709 -
1213 3700 1225 3710 -
1315 3701 1325 3711 .
1417 3700 1427 3710 .
1518 3698 1529 3709 -
1620 3696 1630 3708 -
1721 3695 1732 3706 -
1820 3648 2024 3735 vj.a.riij.d.

573 3790 667 3855 ldem
682 3790 912 3857 Constantinus
928 3800 962 3856 et
976 3799 1124 3858 tenentes
1140 3796 1190 3858 sui
1204 3802 1319 3859 tenent
1334 3798 1366 3859 in
1384 3796 1574 3861 Brnnnsros
1590 3796 1740 3875 quartam
1755 3793 1881 3872 partem
1905 3786 1926 3867 j.
1943 3787 1966 3851 f.
1983 3806 2026 3849 m.

530 3877 569 3940 de
583 3876 701 3942 herede
716 3878 903 3963 Sampsonis
918 3881 959 3945 de
975 3882 1058 3961 Ηοο,
1075 3887 1110 3945 et
1124 3883 1211 3947 idom
1226 3884 1268 3947 de
1283 3884 1402 3947 comite
1416 3882 1600 3959 Warenuie,
1616 3885 1651 3943 et
1665 3898 1771 3942 comes
1787 3876 1827 3938 de
1843 3894 1918 3958 rege
1965 3895 2024 3937 se.

573 4014 821 4079 Bartholomeus
845 4016 886 4079 de
912 4017 999 4081 Salle
1025 4025 1117 4083 tenet
1145 4020 1180 4082 in
1210 4019 1436 4088 Wruosnssu
1465 4022 1615 4101 quartam
1644 4022 1770 4097 partem
1796 4011 1824 4095 j.
1854 4009 1879 4075 f.
1912 4031 1955 4074 m.
1987 4008 2026 4071 de

531 4101 694 4169 Willelmo
709 4103 750 4166 de
764 4104 796 4167 la
811 4103 944 4182 Rolrele,
957 4110 991 4168 et
1005 4106 1093 4169 idem
1109 4106 1149 4170 de
1163 4108 1330 4171 oomitissa
1344 4105 1544 4184 Maresoalla‚
1554 4110 1589 4167 et
1603 4104 1692 4167 idem
1705 4104 1773 4181 (sic)
1787 4101 1827 4163 de
1841 4117 1930 4182 rege,
1941 4095 2025 4180 quod

531 4189 713 4258 Willelmus
728 4189 868 4254 Cornoun
884 4192 1046 4276 quondam
1062 4195 1170 4257 tenuit
1253 4225 1871 4246 -------
1959 4205 1990 4246 x.
1999 4206 2024 4247 s.

574 4324 757 4409 Stephanus
781 4328 823 4391 de
848 4328 959 4393 Toites
973 4336 1008 4393 et
1024 4329 1209 4394 Christiana
1224 4332 1265 4394 de
1281 4329 1420 4395 Gelham
1435 4334 1550 4393 teuent
1565 4330 1600 4390 in
1616 4326 1862 4394 Causoursoar
1877 4324 2025 4405 quartam

529 4419 657 4496 partem
666 4415 694 4497 j.
709 4416 733 4479 f.
749 4435 793 4480 ιιι.
809 4416 850 4479 de
864 4416 1010 4482 Roborto
1035 4418 1075 4481 de
1097 4418 1321 4497 Weehesham,
1336 4423 1370 4483 et
1393 4419 1480 4482 idem
1504 4417 1543 4480 de
1569 4434 1657 4498 rege,
1684 4412 1771 4497 quod
1797 4408 1963 4474 Johanues
1986 4408 2026 4470 de

531 4499 671 4566 Gelham
687 4502 848 4585 quondam
862 4505 971 4567 tenuit
1059 4541 1674 4558 .......
1731 4520 1775 4551 ·.
1863 4536 1874 4547 .
1963 4516 2025 4559 m,

574 4638 758 4704 Willelmus
769 4640 809 4703 de
823 4636 1023 4706 Whitewelle
1034 4648 1069 4705 et
1077 4640 1241 4727 Margeria
1257 4641 1297 4705 de
1314 4640 1454 4705 Gelham
1470 4644 1583 4704 tenent
1597 4639 1632 4701 in
1647 4637 1812 4703 Rursusne:
1827 4634 1872 4697 di.
1888 4633 1911 4696 f.
1928 4652 1972 4696 m.
1986 4632 2026 4694 de

530 4723 680 4789 Johanne
694 4726 761 4789 filio
777 4728 923 4806 walteri,
938 4732 972 4791 et
986 4729 1075 4792 idem
1091 4731 1132 4793 de
1158 4750 1245 4816 rege,
1271 4730 1356 4814 quod
1380 4726 1560 4794 Riohardus
1586 4723 1705 4788 Briolse
1732 4728 1766 4785 et
1790 4718 1965 4785 Nieholaus
1989 4718 2027 4781 de

531 4811 688 4896 Stokesby
703 4814 864 4896 quondam
880 4820 1056 4880 tenuerunt
1134 4846 1854 4869 --------
1942 4827 2025 4870 m.

574 4948 734 5014 Robertus
749 4950 892 5015 Curzoun
910 4958 1003 5016 tenet
1019 4954 1053 5017 in
1069 4954 1373 5020 Hermoniacum
1389 4951 1577 5016 tenentibus
1592 4949 1659 5013 suis
1674 4947 1719 5011 di.
1735 4946 1758 5011 f.
1775 4967 1819 5010 m.
1841 4946 1882 5008 de
1910 4942 2027 5006 herede

530 5036 571 5099 de
585 5035 765 5118 Tateshale‚
781 5045 816 5102 et
831 5040 919 5103 idem
935 5040 976 5103 de
990 5062 1078 5125 rege,
1094 5042 1178 5124 quod
1195 5041 1358 5104 Johaunes
1375 5039 1505 5104 Boteler
1519 5037 1681 5122 quondam
1697 5035 1807 5097 tenuit
1841 5072 1852 5082 -
1940 5051 2025 5094 xrs.

575 5173 713 5238 Hauisia
735 5176 775 5239 de
790 5177 945 5263 Wysham
972 5201 1046 5243 oum
1072 5179 1262 5243 tenentibus
1285 5180 1362 5257 suis,
1378 5178 1532 5242 videlieet
1556 5175 1653 5239 abbas
1669 5174 1708 5237 de
1724 5169 1878 5256 langela,
1893 5167 2027 5231 heredes

534 5261 674 5325 Matillis
699 5262 741 5325 de
756 5260 895 5330 Caustou
911 5272 945 5330 et
959 5266 1092 5330 heredes
1107 5268 1225 5329 Emme
1240 5264 1334 5331 Cunls
1352 5270 1478 5346 (rectius
1495 5263 1649 5342 Keville),
1665 5260 1800 5324 heredes
1814 5256 1972 5321 Johannis
1986 5254 2026 5317 de

532 5348 721 5433 Banburgh‚
735 5349 869 5416 heredes
885 5354 1018 5418 Ricardi
1033 5354 1165 5437 Keyser,
1182 5355 1314 5420 heredes
1328 5354 1476 5418 Gocelini
1491 5350 1652 5425 Godhale,
1667 5352 1783 5411 tenent
1798 5346 1832 5407 in
1847 5344 2027 5409 Bouruone

531 5436 557 5523 j.
574 5437 597 5502 f.
613 5442 647 5499 et
662 5437 711 5521 iij.
729 5442 889 5523 quarteria
904 5442 1034 5504 dimidii
1058 5449 1092 5505 et
1112 5444 1218 5526 xvj¹·¹¹¹
1233 5448 1360 5525 partem
1371 5440 1399 5525 j.
1416 5440 1439 5507 f.
1456 5462 1499 5505 m.
1515 5439 1555 5502 do
1570 5435 1729 5501 Akkefeld
1748 5436 1816 5513 (ric)
1835 5428 1978 5507 Peverel,
1993 5435 2028 5492 et

530 5524 619 5586 idem
633 5524 674 5587 de
689 5546 776 5607 rege,
797 5528 883 5610 quod
907 5528 1064 5592 Rioardus
1089 5529 1132 5594 de
1157 5531 1307 5595 Brunton
1330 5528 1494 5614 quondam
1519 5527 1639 5591 tenuit.
1688 5522 1742 5601 (Et
1767 5540 1824 5603 pro
1849 5538 1914 5601 quo
1929 5516 2028 5617 Hugo

530 5609 677 5673 Peverell
692 5621 844 5677 oneratus
867 5614 934 5678 fnit
958 5616 998 5679 de
1021 5616 1141 5680 relevio
1165 5640 1223 5683 suo
1249 5624 1395 5699 tempore
1421 5616 1506 5699 regis
1521 5611 1671 5676 Edwardi
1685 5610 1747 5672 filii
1769 5606 1856 5690 regis
1882 5604 2025 5683 Heurrcr,

553 5695 618 5761 uod
633 5704 683 5761 est
698 5701 837 5782 parcella
851 5703 892 5764 ad
907 5704 1051 5766 maneria
1066 5702 1107 5767 de
1123 5705 1251 5769 Melton
1266 5710 1300 5767 et
1316 5704 1355 5767 de
1375 5702 1514 5767 Brakeu.
1562 5700 1605 5762 Et
1621 5718 1678 5782 pro
1703 5716 1767 5779 quo
1788 5692 1970 5756 Willelmus
1985 5690 2026 5753 de

531 5719 733 5937 Ξῖῐῑέῐιηξξοέο
747 5795 896 5937 onerqtus
912 5790 981 5939 fulilt·
991 5790 1033 5853 de
1047 5791 1167 5855 relevio
1182 5814 1241 5856 suo
1256 5797 1401 5875 tempore
1416 5790 1503 5874 regis
1518 5786 1668 5851 Edwardi
1691 5783 1753 5846 filii
1775 5780 1873 5931 {egil
1891 5776 2027 5951 Heqrjricqi

555 5892 573 5936 θ
612 5894 641 5935 lc
715 5894 810 5938 onore
854 5897 983 5939 everel
1069 5912 1687 5931 .......
1789 5888 1921 5950 xxvlJ.8.
1976 5916 1983 5931 ,
2017 5914 2025 5931 ,
