5000 7050
1115 1091 1197 1155 AJ).
1224 1095 1320 1157 1303.

922 1382 1036 1445 From
1058 1382 1198 1447 Gornrre
1220 1403 1264 1446 mr
1288 1381 1515 1449 ARUNDEL.

513 1542 558 1605 De
572 1540 721 1606 Johenne
734 1542 775 1604 de
790 1541 993 1605 Hardreshill
1009 1549 1145 1607 tenente
1158 1542 1230 1626 xiij.
1246 1550 1373 1626 partem
1384 1542 1411 1629 j.
1428 1543 1451 1607 f.
1469 1545 1504 1607 in
1520 1544 1854 1626 Hrcwonrnmcnrrr,
1871 1568 1967 1632 quam

472 1629 651 1693 willelmus
664 1630 706 1693 de
721 1629 922 1695 Hardreehill
937 1630 1102 1712 quondam
1117 1633 1238 1694 tenuit.

511 1783 557 1848 De
571 1783 686 1848 abbate
699 1783 741 1847 de
755 1783 903 1868 Revesby
919 1791 1052 1847 tenente
1067 1784 1171 1868 xxiiij.
1188 1790 1316 1869 partem
1331 1786 1469 1869 predicti
1485 1786 1508 1850 f.

509 1938 556 2001 De
571 1939 678 2021 priore
694 1937 813 2002 Sancte
829 1938 984 2002 Katerine
999 1945 1134 2003 tenente
1149 1960 1180 2003 x.
1196 1944 1324 2023 partem
1340 1939 1480 2021 predicti
1495 1940 1517 2003 f.

508 2094 556 2157 De
571 2092 686 2158 abbate
700 2094 741 2156 de
757 2093 943 2176 Bardeneye
957 2099 1090 2157 tenente
1107 2093 1164 2177 xij.
1182 2098 1306 2176 partem
1322 2098 1355 2155 et
1370 2092 1414 2159 xl.
1431 2098 1554 2175 partem
1577 2090 1730 2179 [predicti
1745 2093 1802 2181 f.].

411 2294 419 2309 ,
509 2246 555 2311 De
578 2246 745 2311 Willelmo
771 2248 810 2311 de
835 2248 965 2331 Hamby
991 2253 1126 2311 tenente
1149 2246 1194 2311 di.
1221 2248 1244 2311 f.
1274 2256 1409 2330 excepta
1436 2267 1508 2311 xxx.
1535 2252 1636 2330 parte,
1653 2248 1737 2331 quod
1764 2248 1900 2315 Jolanus
1927 2253 1966 2317 de

466 2336 595 2418 Hemby
611 2336 774 2417 quondam
788 2336 896 2398 tenuit
911 2336 945 2397 in
961 2335 1118 2401 Wenrorr.

508 2487 557 2551 De
572 2486 687 2551 abbate
702 2488 743 2551 dc
757 2486 923 2551 Thornton
940 2494 1072 2552 tenente
1088 2508 1161 2551 xxx.
1178 2494 1304 2569 paroem
1320 2486 1460 2569 predicti
1474 2485 1497 2548 f.
1514 2486 1548 2548 in
1564 2487 1690 2551 eadem.

395 2644 401 2652 ’
511 2642 559 2705 De
573 2639 721 2705 Johanne
735 2642 776 2706 de
791 2643 941 2707 Pauntcn
958 2648 1092 2708 tenente
1106 2640 1167 2725 iiij.
1184 2646 1311 2723 partem
1322 2640 1350 2725 j.
1367 2642 1390 2707 f.
1407 2661 1451 2707 m.
1466 2643 1500 2705 in
1516 2642 1662 2721 Aemi,
1678 2663 1777 2727 quem
1803 2644 1967 2713 Walterus

465 2730 505 2791 de
521 2728 697 2792 Somervilc
712 2731 874 2812 quondam
890 2732 1008 2795 tenuit.

507 2880 554 2943 De
572 2878 733 2942 Willelmo
747 2878 787 2941 de
801 2878 932 2963 Hamby
947 2883 1081 2942 tenente
1096 2878 1120 2960 j.
1136 2877 1160 2941 f.
1178 2878 1212 2940 in
1230 2880 1352 2944 Hfflnr
1369 2884 1404 2941 et
1418 2879 1508 2955 alibi,
1523 2879 1609 2963 quod
1624 2879 1761 2945 Jolanus
1775 2884 1816 2946 de
1834 2884 1965 2968 Hamby

463 2966 626 3050 quondam
642 2967 763 3030 tenuit.

506 3122 556 3185 De
581 3119 731 3189 Johanne
754 3121 823 3184 filio
838 3120 994 3185 Willelmi
1018 3126 1153 3184 tenente
1180 3120 1229 3204 iij.
1247 3127 1356 3204 partes
1374 3120 1404 3204 j.
1421 3120 1444 3185 f.
1459 3123 1494 3184 in
1510 3122 1654 3203 Wrrrorr,
1678 3124 1763 3207 quod
1786 3124 1903 3189 Petrus
1925 3128 1965 3191 de

465 3209 602 3293 Wyhom
618 3209 778 3293 quondam
794 3209 915 3273 tenuit.

507 3363 554 3427 De
570 3364 756 3448 Margareta
770 3362 810 3425 de
829 3360 960 3444 Hamby
975 3364 1111 3425 tenente
1126 3362 1175 3445 iij.
1193 3366 1301 3445 partes
1310 3362 1339 3445 j.
1356 3361 1379 3425 f.
1396 3362 1430 3423 in
1448 3364 1618 3443 Onurscr,
1644 3385 1742 3448 quam
1770 3366 1904 3430 Jolanus
1926 3369 1966 3431 dc

463 3451 594 3533 Hamby
607 3448 771 3534 quondam
786 3449 906 3513 tenuit.

506 3605 553 3668 De
581 3609 715 3668 tenente
746 3603 807 3687 iiij.
835 3607 961 3687 partem
985 3609 1018 3666 et
1044 3623 1097 3667 xx.
1126 3611 1250 3686 partem
1274 3603 1300 3687 j.
1326 3605 1350 3670 f.
1378 3607 1413 3667 in
1442 3604 1521 3682 cir,
1546 3627 1643 3688 quam
1672 3606 1853 3673 Willclmue
1877 3609 1965 3674 filius

464 3693 621 3777 Drogonis
635 3688 800 3774 quondam
815 3691 936 3754 tenuit.

506 3845 554 3909 De
568 3845 739 3910 abbate-de
753 3811 970 3929 Grymmeeby
986 3849 1117 3908 tenente
1134 3865 1163 3909 v.
1179 3851 1306 3928 partem
1321 3845 1367 3911 di.
1383 3847 1406 3912 f.

456 3955 482 4008 .
506 3997 555 4061 De
569 3999 711 4083 Hugone
727 3998 757 4060 le
772 3997 953 4080 Despenser
968 4001 1102 4060 tenente
1117 4016 1149 4060 x.
1166 4001 1291 4079 partem
1303 3995 1331 4081 j.
1347 3997 1371 4062 f.
1388 3998 1422 4059 in
1439 3999 1529 4064 Amr
1544 3999 1687 4078 Bencrt,
1702 4019 1800 4082 quem
1815 4000 1966 4064 dominus

462 4086 562 4170 Hugo
575 4086 739 4169 quondam
753 4086 873 4149 tenuit.

929 4413 1043 4479 raoni
1065 4381 1249 4478 Ardere
1275 4389 1497 4480 terrere.

463 4577 726 4730 teDettielfrido
753 4576 886 4640 Luterel
910 4581 1043 4640 tenente
1063 4576 1090 4660 j.
1106 4575 1129 4641 f.
1144 4578 1180 4639 in
1203 4578 1349 4654 ΙΒΝΗΑΜ,
1373 4577 1457 4660 quod
1481 4577 1626 4641 Andreas
1649 4577 1779 4641 Luterel
1801 4578 1962 4663 quondam

497 4686 555 4728 nm
573 4716 580 4731 .

505 4818 553 4881 De
581 4819 729 4882 Johanne
758 4818 893 4881 Luterel
918 4823 1053 4881 tenente
1078 4817 1123 4881 di.
1148 4816 1171 4881 f.
1203 4817 1271 4899 viij.
1298 4822 1424 4900 partem
1449 4822 1484 4879 et
1508 4817 1550 4880 xl.
1578 4825 1705 4900 partem
1735 4819 1769 4880 in
1795 4820 1908 4890 Borcr
1931 4824 1965 4883 ct

464 4907 649 4987 Sourflonc,
664 4927 726 4990 que
742 4904 926 4968 willelmus
941 4905 982 4968 de
998 4906 1167 4989 Langeton
1183 4904 1346 4986 quondam
1362 4905 1482 4968 tenuit.

506 5058 555 5122 De
569 5060 675 5142 priore
690 5058 730 5122 de
746 5055 1005 5143 Sempryngham
1021 5062 1154 5121 tenente
1168 5056 1239 5120 vmn
1256 5063 1384 5140 partem
1399 5062 1434 5120 et
1448 5057 1491 5120 xl.
1508 5062 1636 5141 partem
1651 5057 1788 5141 predicti
1803 5057 1826 5125 f.

506 5210 554 5274 De
568 5214 724 5296 magistro
739 5213 861 5275 milicie
877 5210 1007 5294 Templi
1022 5216 1157 5274 tenente
1172 5209 1242 5292 viij.
1259 5215 1387 5292 partem
1402 5209 1483 5272 dieti
1499 5209 1515 5270 f
1540 5212 1574 5272 in
1588 5210 1712 5276 cadem.

506 5364 556 5427 De
581 5364 731 5428 Johanne
756 5364 796 5427 de
821 5363 962 5429 Colevile
987 5367 1122 5428 tenente
1142 5363 1169 5446 j.
1185 5362 1209 5433 f,
1224 5383 1269 5427 m.
1286 5365 1320 5425 in
1348 5362 1583 5442 Swmrrsmmr,
1607 5364 1692 5448 quod
1715 5362 1898 5428 willelmus
1923 5365 1964 5428 de

463 5451 605 5517 Golevile
619 5450 781 5536 quondam
796 5453 916 5515 tenuit.

506 5609 555 5673 De
583 5609 723 5672 Roberto
752 5608 792 5670 de
824 5607 949 5670 Baiocis
978 5611 1014 5670 et
1034 5606 1200 5670 Willelrno
1229 5607 1260 5668 le
1293 5609 1362 5684 (cic)
1395 5603 1510 5671 Courci
1540 5607 1728 5671 tenentibus
1753 5606 1781 5692 j.
1805 5609 1830 5673 f.
1857 5630 1901 5674 m.
1929 5610 1964 5673 in

462 5697 655 5776 Tuncrum,
671 5695 757 5780 quod
773 5695 934 5759 Henricus
947 5694 1024 5758 Plez
1037 5695 1201 5778 quondam
1215 5695 1334 5757 tenuit.

504 5849 552 5912 De
577 5848 748 5933 erulpho
771 5848 893 5932 Paynel
920 5855 1052 5912 tenente
1072 5848 1099 5930 j.
1116 5847 1140 5911 f.
1157 5867 1201 5913 m.
1225 5849 1260 5910 in
1286 5847 1482 5926 Bnmnrou,
1507 5847 1592 5930 quod
1621 5845 1811 5928 Renulphus
1839 5846 1963 5931 Paynel

464 5937 626 6021 quondam
642 5939 758 6001 tenuit.
