5000 7050
1106 1061 1191 1130 AD.
1215 1060 1311 1131 1302.

892 1355 1112 1422 Hunnaanusr
1135 1375 1179 1420 on
1203 1350 1518 1439 GALEH[OWE].

501 1518 523 1581 J
524 1516 954 1583 aratores-Bartholomeus
968 1525 1037 1582 alte
1051 1518 1155 1596 Mille,
1171 1517 1355 1581 willelmus
1370 1518 1460 1600 Toly,
1472 1516 1631 1581 Rchertus
1647 1514 1764 1595 Crowe,
1775 1515 1956 1579 Willelmus

457 1605 497 1668 de
526 1604 683 1685 Suthalle,
713 1606 912 1669 Laurencius
941 1606 1040 1685 Masi,
1069 1604 1209 1669 Thomas
1239 1604 1409 1681 Helvered,
1446 1604 1608 1667 Henricus
1637 1604 1763 1671 Hunte.
1793 1602 1956 1667 Johanues

457 1692 634 1777 Godwyne,
670 1692 777 1756 Hamo
813 1693 900 1757 filius
936 1692 1079 1771 Ricardi,
1107 1691 1293 1755 Willelmns
1322 1691 1352 1755 le
1381 1690 1502 1770 (irene,
1532 1691 1691 1755 Rcbertus
1729 1688 1956 1775 Underburgh,

456 1778 619 1843 lohannes
633 1778 721 1843 filius
734 1780 893 1863 Magneri,
908 1782 965 1865 qui
979 1781 1094 1844 dicunt
1108 1776 1166 1843 111.
1181 1780 1267 1863 quod
1277 1802 1330 1843 :—
1788 1778 1789 1781 ’

500 1967 640 2031 Thomas
655 1968 695 2033 11
710 1968 887 2055 Snyterlon
902 1972 937 2033 et
952 1970 1129 2053 parcenarii
1145 1970 1197 2032 sui
1210 1972 1328 2031 tenent
1342 1968 1375 2031 in
1399 1968 1567 2034 Bauuaau
1591 1970 1776 2031 tenementa
1801 1987 1857 2030 sua
1883 1987 1957 2029 cum

457 2056 643 2119 tenentibus
676 2055 742 2119 suis
771 2058 808 2119 in
837 2056 931 2119 willis
962 2054 1004 2119 de
1035 2056 1211 2135 Honcaasr,
1241 2054 1377 2123 Wroron
1407 2062 1440 2118 et
1470 2056 1624 2123 waaris
1654 2056 1686 2117 iu
1718 2053 1886 2117 hundredo
1915 2055 1956 2116 (11

457 2139 773 2229 Northg[renehowe
822 2143 863 2207 de
892 2143 1024 2207 domino
1054 2142 1195 2208 Robcrto
1224 2143 1265 2207 de
1289 2140 1458 2207 Tateshale
1485 2142 1526 2207 de
1549 2141 1642 2207 feodo
1671 2140 1710 2205 de
1734 2141 1876 2205 Arundel
1901 2161 1958 2224 pro

458 2227 506 2314 iij.
521 2228 545 2295 1.
561 2249 606 2295 m.
623 2235 658 2293 et
671 2229 758 2295 idem
823 2229 933 2295 bertus
947 2230 989 2294 11
1003 2230 1137 2294 domino
1153 2250 1230 2314 rege
1244 2231 1299 2295 i.c.

502 2379 662 2445 Dominus
679 2381 840 2446 Walterus
855 2382 897 2446 de
913 2380 1086 2465 Calethorp
1101 2388 1195 2446 tenet
1209 2381 1244 2445 iu
1259 2381 1427 2450 Bassum
1442 2378 1479 2467 ij.
1496 2382 1518 2447 1.
1535 2380 1634 2447 mdc
1656 2381 1787 2445 domino
1808 2377 1958 2444 iohanne

458 2466 498 2532 de
513 2468 697 2549 Warennia,
711 2470 830 2534 comite
845 2468 985 2549 Surreie,
1000 2474 1036 2535 et
1050 2469 1140 2534 idem
1154 2469 1194 2533 de
1209 2469 1342 2534 domino
1356 2489 1432 2554 rege
1449 2471 1501 2535 i.c.

501 2620 660 2687 Rcbertus
684 2620 793 2688 Orcus
815 2627 849 2687 et
874 2623 1051 2707 percenarii
1077 2623 1129 2686 sui
1151 2627 1266 2687 tenent
1281 2622 1316 2686 in
1331 2620 1500 2688 Baunuans
1515 2620 1561 2688 di.
1577 2620 1601 2687 1.
1618 2641 1663 2685 m.
1679 2621 1719 2685 de
1735 2618 1905 2683 heredibus
1919 2619 1960 2682 de

459 2709 574 2793 Virluy
603 2715 639 2774 et
667 2709 753 2775 idem
783 2708 913 2775 heredes
945 2709 987 2775 de
1017 2708 1159 2795 Hugone
1187 2708 1329 2790 Bardolf,
1361 2715 1396 2773 et
1428 2709 1516 2773 idem
1550 2708 1649 2794 Hugo
1682 2709 1723 2773 11
1748 2704 1895 2771 Johanne
1920 2707 1960 2770 de

463 2796 657 2877 Warreuuia‚
672 2798 790 2862 comite
806 2796 947 2875 Surreie,
961 2801 996 2861 et
1010 2795 1098 2860 idem
1112 2816 1219 2861 comes
1233 2797 1275 2861 de
1289 2817 1375 2884 rege.

503 2948 660 3014 Dominus
683 2948 842 3014 Radulius
866 2951 908 3014 da
933 2948 1134 3013 Hemenhale
1161 2955 1252 3014 tenet
1275 2949 1310 3013 in
1336 2948 1506 3016 Baesuris
1532 2948 1702 3013 servicium
1728 2946 1771 3012 di.
1797 2948 1821 3012 1.
1847 2968 1890 3011 m.
1921 2948 1962 3011 de

459 3036 630 3101 heredibus
644 3035 780 3100 Walteri
794 3038 835 3102 de
850 3037 1023 3116 Grancurt,
1040 3044 1075 3101 et
1090 3037 1189 3101 iidem
1204 3037 1335 3101 heredes
1350 3037 1391 3101 de
1418 3036 1549 3101 domino
1564 3036 1707 3101 Waltero
1731 3036 1772 3100 de
1797 3031 1962 3119 Calthorp,

461 3132 497 3191 et
510 3124 660 3189 dominus
674 3122 838 3189 Walterus
853 3126 893 3189 de
909 3124 930 3189 J
931 3122 1059 3188 ohanne
1072 3125 1113 3188 de
1127 3124 1328 3190 Warrennia.

503 3272 661 3336 Dominus
687 3272 845 3337 Ricardus
868 3273 910 3337 de
935 3274 1170 3360 Walsyngham
1195 3279 1230 3339 et
1254 3274 1413 3340 Cristiana
1437 3296 1516 3340 uxor
1530 3275 1599 3359 ejus
1614 3277 1730 3340 tenent
1744 3274 1781 3337 in
1795 3272 1963 3339 Bassusu

464 3360 592 3429 Samon
607 3360 652 3425 di.
666 3360 689 3426 1.
705 3381 749 3425 m.
766 3360 806 3424 de
820 3360 914 3424 feodo
929 3362 1127 3427 Arundellie.

504 3497 595 3563 Prior
609 3496 650 3562 de
665 3495 891 3582 Walsingham
905 3503 941 3563 et
954 3496 1100 3583 ejusdem
1116 3500 1179 3565 loci
1193 3506 1371 3566 conventus
1386 3505 1500 3566 tenent
1515 3501 1550 3564 in
1574 3499 1742 3567 anunm
1765 3502 1830 3562 tres
1855 3502 1963 3582 partes

462 3585 486 3671 j.
502 3587 526 3654 f.
541 3606 588 3650 m.
612 3586 653 3650 de
678 3583 799 3649 herede
823 3585 957 3651 Roberti
982 3586 1045 3651 filii
1069 3586 1239 3665 iohannis,
1254 3595 1289 3653 et
1314 3589 1402 3652 idem
1426 3587 1520 3652 heres
1545 3588 1587 3652 de
1610 3588 1742 3652 domino
1757 3585 1882 3670 Rogero
1897 3583 1964 3646 filio

461 3673 564 3755 Petri,
580 3679 616 3738 et
628 3672 716 3738 idem
732 3672 875 3758 Rogems
889 3674 930 3738 dc
944 3675 1063 3739 comite
1078 3675 1280 3754 Marescallo,
1295 3681 1330 3740 et
1344 3677 1433 3740 idem
1449 3695 1554 3740 comes
1569 3675 1609 3740 de
1622 3693 1709 3760 rege.

505 3810 662 3875 Dominus
677 3810 821 3897 Rogems
836 3811 923 3875 filius
948 3811 1040 3877 Petri
1064 3818 1156 3879 tenet
1179 3815 1215 3878 in
1238 3813 1464 3881 Nonrncanrn
1489 3812 1525 3899 ij.
1542 3811 1564 3877 1.
1580 3833 1623 3878 m.
1651 3815 1686 3874 et
1708 3810 1753 3874 di.
1777 3808 1819 3873 de
1845 3809 1964 3872 comite

462 3898 652 3963 Marescallo
665 3898 792 3982 Anglie.

507 4035 613 4099 Abbas
636 4035 677 4099 de
701 4034 803 4120 Creyk
831 4039 925 4099 tenet
950 4037 985 4100 in
1009 4036 1214 4105 Noanucaau
1227 4037 1308 4102 duas
1323 4042 1431 4122 partes
1440 4035 1469 4121 j.
1485 4037 1508 4102 f.
1524 4055 1568 4101 m.
1584 4036 1625 4100 de
1640 4035 1772 4099 domino
1786 4031 1911 4097 Thoma
1924 4032 1964 4096 de

465 4121 598 4200 Belhus‚
612 4127 647 4186 et
662 4123 750 4188 idem
764 4120 904 4187 Thomas
919 4121 960 4187 de
974 4124 1106 4188 domino
1121 4126 1246 4210 Rogero
1262 4125 1330 4190 filio
1344 4125 1445 4204 Petri,
1462 4129 1496 4189 et
1510 4124 1597 4189 idem
1613 4121 1757 4208 Rogerus
1781 4121 1820 4186 de
1846 4121 1965 4185 comite

464 4209 663 4288 hilarescens,
677 4216 712 4274 et
726 4209 813 4274 idem
828 4230 937 4274 comes
951 4211 992 4275 de
1007 4210 1140 4276 domino
1154 4233 1241 4298 rege.

465 4345 666 4498 GlDominus
698 4346 860 4411 Walterus
896 4347 937 4411 de
969 4347 1124 4435 Calthorp
1153 4356 1246 4415 tenet
1275 4351 1310 4413 in
1341 4349 1545 4416 Noarucaau
1577 4346 1604 4432 j.
1635 4347 1658 4412 f.
1688 4367 1732 4408 m.
1770 4345 1810 4410 de
1847 4343 1965 4408 comite

508 4453 604 4497 ouces
621 4453 678 4498 ne.

508 4568 655 4653 Rogerus
679 4571 720 4634 de
744 4568 896 4655 Calthorp
923 4577 1016 4637 tenet
1041 4574 1076 4637 in
1101 4575 1305 4643 Nonrucauu
1328 4578 1363 4639 et
1388 4574 1557 4640 Baouusu
1588 4570 1702 4638 Tuom>
1726 4569 1772 4636 di.
1796 4570 1820 4636 1.
1848 4588 1893 4636 m.
1924 4569 1965 4633 de

464 4655 595 4720 domino
610 4656 736 4743 Rogero
751 4657 819 4722 filio
834 4659 941 4740 Petri,
957 4668 993 4725 et
1007 4661 1095 4726 idem
1110 4662 1256 4748 Rogatus
1271 4664 1311 4727 de
1326 4662 1444 4725 comite
1460 4658 1660 4723 Marescallo.

507 4788 656 4854 Heredes
671 4789 714 4854 de
727 4789 819 4855 Bello
834 4791 926 4879 Fago
941 4798 1055 4859 tenent
1071 4797 1106 4857 in
1124 4795 1301 4863 81111111
1315 4792 1361 4859 11.
1377 4791 1401 4860 1.
1418 4813 1463 4858 m.
1479 4791 1518 4855 11
1533 4789 1665 4854 domino
1679 4809 1756 4875 rege
1771 4790 1823 4856 ic.

508 4926 615 5032 Abhas
630 4928 671 4992 de
688 4925 770 4992 Orela
785 4933 880 4995 tenet
894 4932 930 4994 iu
947 4931 1124 5000 81111111
1138 4933 1178 4996 de
1194 4933 1287 4999 feodo
1308 4933 1349 4995 de
1372 4929 1443 4994 Bod
1451 4926 1558 5018 [ham]
1586 4923 1655 5016 [ii]
1677 4929 1701 4994 1.
1718 4949 1762 4994 m.
1780 4927 1819 4992 de
1834 4928 1967 4993 domino

463 5033 607 5100 regern.
1801 5071 1804 5078 .

509 5149 669 5215 Dominus
684 5150 830 5237 Rogatus
845 5153 886 5217 de
902 5153 1021 5218 Sancto
1037 5153 1179 5219 Martino
1195 5159 1287 5222 tenet
1300 5157 1336 5219 in
1352 5156 1567 5224 Wsnnanann
1584 5151 1630 5217 di.
1647 5153 1671 5218 f.
1688 5173 1732 5217 m.
1760 5151 1801 5215 de
1827 5153 1967 5235 Hugoue

464 5235 605 5320 Bardolf,
622 5239 708 5303 uude
724 5242 811 5324 prior
827 5239 938 5304 Sancti
954 5240 1114 5327 Stephani
1130 5243 1170 5307 de
1184 5242 1373 5307 Falrenham
1391 5249 1484 5308 tenet
1498 5241 1674 5305 dimidium
1689 5240 1899 5324 quarterium.

507 5376 672 5442 Johannes
701 5377 742 5442 11
769 5370 970 5461 Warreunia,
994 5402 1102 5446 comes
1133 5381 1275 5460 Surreie‚
1301 5386 1395 5446 tenet
1424 5382 1459 5443 in
1488 5361 1708 5450 5111111011
1731 5381 1767 5440 et
1795 5375 1967 5444 81111111

466 5467 602 5531 terciam
615 5470 747 5550 partem
756 5467 785 5550 j.
803 5466 826 5532 f.
842 5488 886 5533 m.
902 5469 942 5533 de
957 5469 1051 5534 feodo
1065 5471 1106 5533 11
1121 5470 1231 5534 Leues
1246 5471 1289 5535 de
1303 5470 1435 5535 domino
1449 5486 1526 5550 rege
1540 5468 1592 5532 ic.

508 5602 668 5668 Dominus
692 5604 876 5670 willelmus
900 5606 941 5671 11
971 5604 1118 5694 [Vanc]y
1145 5613 1236 5676 tenet
1262 5609 1299 5672 in
1323 5609 1576 5677 Wssnasnsasn
1598 5605 1626 5688 j.
1654 5602 1678 5668 1.
1705 5622 1750 5667 m.
1778 5600 1819 5666 de
1849 5601 1968 5665 comite

464 5689 664 5770 Warrennie
678 5697 715 5757 et
728 5693 818 5758 idem
832 5714 940 5758 comes
955 5695 995 5759 de
1009 5715 1098 5780 rege.

508 5825 671 5892 Jchannes
686 5827 726 5891 de
740 5827 939 5907 Warrennia,
954 5849 1060 5894 comes
1075 5830 1215 5908 Surreie,
1230 5833 1264 5893 et
1279 5828 1455 5914 percenarii
1474 5827 1525 5891 sui
1548 5830 1664 5892 tenent
1686 5825 1721 5888 iu
1746 5824 1967 5891 Esnasasuass

465 5912 505 5980 de
518 5915 612 5980 feodo
627 5915 669 5979 de
684 5913 874 5980 Beaumond
889 5916 934 5982 di.
951 5917 975 5983 f.
992 5937 1036 5984 m.
1051 5923 1088 5980 et
1101 5919 1191 5980 idem
1206 5937 1312 5982 comes
1328 5917 1367 5982 de
1383 5916 1516 5980 domino
1531 5934 1607 6002 rege
1623 5915 1676 5980 ic.
