5000 7050
1107 1116 1190 1184 A.D.
1216 1122 1311 1186 1481.
1899 1120 1962 1185 357

507 1394 670 1465 Johannes
686 1402 790 1467 Beron
805 1406 847 1469 de
862 1406 976 1470 Ciaton
992 1409 1028 1470 in
1040 1408 1201 1473 comitatu
1216 1409 1414 1489 Laneastrie,
1429 1409 1538 1486 miles,
1552 1409 1619 1471 tuit
1645 1409 1775 1471 seisitns
1800 1409 1842 1471 de
1868 1410 1965 1471 terris

463 1488 498 1547 et
515 1490 712 1553 tenementis
728 1492 761 1555 in
778 1494 950 1573 Wansssr,
966 1516 1029 1577 que
1044 1501 1197 1560 tenentur
1212 1518 1268 1581 per
1282 1502 1434 1580 quartam
1450 1502 1574 1580 partem
1589 1516 1646 1560 nn.
1662 1495 1685 1561 f.
1701 1516 1746 1559 m.

511 1650 680 1733 Henrieus‚
691 1654 842 1720 dominus
856 1656 896 1720 de
913 1656 1004 1721 Bello
1018 1657 1142 1737 Monte,
1153 1679 1256 1743 nuper
1270 1659 1310 1722 de
1320 1657 1547 1744 Folkyngham
1562 1658 1598 1720 in
1611 1656 1771 1720 comitatu
1781 1655 1965 1735 Lineolnie,

465 1737 572 1815 miles,
597 1739 662 1817 tuit
685 1742 818 1807 seisitns
842 1749 903 1809 ete.
930 1746 971 1808 de
995 1747 1092 1809 terris
1116 1752 1150 1811 et
1166 1748 1365 1809 tenementis
1378 1747 1413 1809 in
1430 1745 1643 1823 Tmonnswsv,
1659 1764 1722 1827 que
1736 1747 1892 1807 tenentur
1907 1763 1965 1826 per

464 1830 612 1905 quartam
627 1834 754 1910 partem
771 1850 827 1895 un.
845 1832 867 1896 t.
885 1854 929 1896 m.

510 1987 532 2050 J
533 1986 675 2054 ohannes
689 1990 853 2076 Thoresby
866 1994 907 2057 de
923 1993 1047 2078 Croxby
1061 1996 1096 2058 in
1113 1994 1260 2079 predicto
1274 1995 1444 2071 comitatu,
1457 1994 1610 2078 armiger,
1624 1990 1689 2056 fuit
1705 1993 1834 2056 seisitns
1849 1996 1911 2056 etc.
1924 1992 1964 2054 de

465 2075 562 2138 terris
577 2083 611 2140 et
626 2081 822 2144 tenementis
836 2081 870 2144 in
888 2081 1028 2161 (inerter,
1043 2104 1107 2166 que
1121 2088 1276 2146 tenentur
1290 2102 1349 2166 per
1363 2086 1512 2165 quartam
1526 2090 1653 2164 partem
1668 2101 1723 2145 un.
1740 2079 1762 2144 f.
1778 2100 1822 2144 m.

511 2237 673 2303 Walterus
689 2241 849 2326 Taylboys
863 2243 903 2307 de
918 2242 1108 2327 Golthaugh
1123 2245 1158 2307 in
1173 2244 1333 2307 comitatu
1347 2244 1504 2326 predicto,
1519 2244 1670 2326 armiger,
1679 2241 1743 2306 fuit
1759 2242 1888 2305 seisitns
1902 2246 1964 2305 etc.

466 2322 507 2387 de
523 2327 615 2389 terris
629 2332 665 2390 et
679 2332 872 2394 tenementis
887 2332 922 2393 in
939 2332 1102 2410 Tutunus,
1119 2352 1181 2415 qne
1196 2335 1351 2396 tenentur
1366 2352 1423 2414 per
1437 2338 1584 2393 octavam
1598 2336 1724 2412 partem
1740 2350 1796 2393 un.
1813 2328 1836 2393 f.
1854 2350 1898 2394 m.

511 2486 676 2555 Johannes
699 2492 867 2578 Raytheby
897 2495 938 2559 de
969 2493 1152 2559 Govenham
1180 2496 1216 2557 in
1247 2495 1391 2577 predicto
1420 2496 1592 2573 comitatu,
1622 2493 1705 2577 legis
1734 2494 1869 2576 peritus,
1899 2492 1967 2555 init

467 2576 672 2727 glrr'iaiftutgete.
688 2580 728 2645 de
743 2583 839 2646 terris
852 2588 887 2647 et
901 2585 1096 2648 tenementis
1110 2584 1143 2645 in
1162 2583 1325 2661 Tnvsnav,
1342 2602 1405 2664 que
1420 2586 1572 2646 tenentur
1586 2600 1645 2664 per
1669 2584 1816 2644 octavam
1840 2585 1965 2663 partem

511 2810 696 2877 Willelmus
722 2808 947 2903 Wadyngham
970 2818 1011 2883 de
1036 2817 1203 2883 Waltham
1228 2820 1264 2881 in
1278 2819 1440 2883 comitatu
1453 2816 1633 2897 Lineolnie,
1649 2817 1886 2896 husbandmen,
1900 2818 1967 2881 fuit

467 2899 598 3049 seirstiim
613 2905 676 3051 stef.
691 2903 731 2966 de
745 2906 837 2967 terris
853 2910 888 2969 et
903 2908 1098 2970 tenementis
1113 2908 1149 2970 in
1166 2906 1329 2985 Tnvnnav,
1345 2926 1407 2989 que
1422 2910 1579 2969 tenentur
1592 2926 1650 2988 per
1665 2906 1838 2969 servicium
1853 2910 1966 2969 oetave

468 3006 510 3069 pa
556 3007 641 3054 sun.
674 3011 741 3055 .m.

511 3130 676 3196 Johannes
698 3134 836 3219 Tevelby
861 3136 900 3200 de
925 3137 1022 3201 domo
1044 3138 1182 3221 capituli
1205 3138 1384 3218 Lineolnie,
1410 3138 1595 3215 canonieus,
1619 3135 1685 3199 suit
1699 3136 1831 3200 seisitus
1846 3141 1909 3201 ete.
1926 3138 1967 3201 de

470 3219 561 3282 terris
575 3226 610 3283 et
625 3223 820 3287 tenementis
836 3224 870 3286 in
887 3224 1050 3303 Tavum,
1066 3247 1129 3309 que
1143 3230 1298 3289 tenentur
1312 3247 1367 3308 per
1382 3230 1532 3309 quartam
1547 3230 1672 3307 partem
1686 3244 1742 3288 un.
1757 3222 1780 3289 f.
1796 3245 1841 3289 m.

511 3382 674 3449 Johannes
690 3386 819 3471 Haulay
834 3386 875 3452 de
892 3388 1019 3472 Grysby
1033 3390 1067 3451 in
1083 3391 1241 3453 comitatu
1256 3389 1435 3468 Lineolnie,
1450 3390 1602 3474 armiger,
1618 3388 1684 3450 fuit
1698 3388 1832 3451 seisitns
1847 3391 1909 3452 etc.
1925 3388 1967 3451 de
2040 3402 2050 3429 ¹

469 3472 561 3534 terris
575 3476 610 3536 et
624 3478 821 3538 tenementis
837 3476 870 3538 in
887 3476 1055 3554 Brusuorr,
1070 3497 1134 3560 qne
1148 3482 1305 3542 tenentur
1319 3498 1377 3562 per
1391 3484 1538 3541 octavam
1554 3482 1681 3560 partem
1697 3496 1753 3540 un.
1768 3476 1792 3539 f.
1808 3497 1852 3541 m.

510 3633 674 3702 Johannes
690 3640 860 3724 Raytheby
876 3641 916 3704 de
931 3642 1063 3705 civitate
1079 3641 1260 3718 ffineolnie,
1273 3642 1476 3725 gentylman,
1490 3641 1555 3702 fuit
1571 3641 1700 3703 seisitns
1717 3646 1780 3704 etc.
1804 3641 1846 3703 de
1872 3642 1967 3703 terris

469 3727 504 3786 et
518 3727 713 3789 tenementis
728 3728 761 3788 in
778 3729 969 3806 Bruauoms,
986 3750 1050 3810 que
1065 3734 1221 3792 tenentur
1236 3750 1293 3812 per
1307 3735 1455 3792 octavam
1471 3733 1595 3812 partem
1612 3748 1668 3794 un.
1685 3729 1708 3792 f.
1726 3747 1770 3791 m.

511 3883 682 3952 P'redietus
696 3856 861 3954 Johannes
875 3891 1038 3975 Thoresby
1053 3892 1119 3956 fuit
1134 3893 1263 3956 seisitns
1278 3901 1340 3957 ete.
1357 3893 1398 3956 de
1414 3894 1510 3956 terris
1524 3898 1559 3956 et
1574 3891 1774 3956 tenementis
1789 3893 1823 3954 in
1848 3891 1967 3956 Nonrn

471 3971 649 4055 Sensurou,
665 3998 728 4060 que
744 3980 898 4042 tenentur
913 3999 969 4062 per
984 3985 1135 4064 quartam
1150 3985 1278 4064 partem
1292 4001 1348 4044 un.
1364 3979 1387 4045 f.
1403 4002 1447 4045 m.

513 4140 684 4220 Heurieus,
700 4142 851 4206 dominus
866 4142 906 4207 de
921 4143 1015 4207 Bello
1030 4143 1157 4222 Monte,
1172 4143 1237 4209 iuit
1255 4145 1384 4209 seisitns
1398 4150 1459 4210 ete.
1475 4143 1515 4207 de
1530 4145 1625 4208 terris
1652 4147 1687 4207 et
1712 4143 1908 4207 tenementis
1932 4141 1966 4204 in

470 4221 668 4307 Erunawon,
683 4250 746 4313 qne
761 4235 914 4294 tenentur
928 4251 985 4314 per
1000 4231 1171 4295 servicium
1186 4253 1241 4298 un.
1255 4233 1278 4297 f.
1293 4253 1338 4297 m.

511 4391 672 4456 Johannes
694 4394 843 4478 Merbery
856 4395 896 4458 de
911 4394 1044 4477 Weblay
1059 4398 1094 4460 in
1116 4398 1279 4461 comitatu
1294 4395 1500 4472 Herdfordie,
1513 4395 1666 4480 armiger,
1678 4393 1741 4457 fuit
1758 4393 1888 4457 seisitns
1903 4395 1966 4458 ete.

469 4478 509 4543 de
524 4480 618 4543 terris
634 4485 670 4544 et
684 4484 881 4546 tenementis
896 4484 931 4545 in
946 4483 1015 4549 Esu
1030 4484 1150 4564 Rnsvu,
1166 4505 1229 4568 qne
1243 4488 1398 4547 tenentur
1412 4504 1469 4566 per
1482 4489 1607 4546 sextam
1622 4488 1749 4565 partem
1766 4502 1820 4546 un.
1837 4482 1859 4546 i.
1878 4501 1923 4546 m.

512 4644 627 4709 Diatus
652 4645 838 4712 Johannnes
863 4649 1026 4733 Thoresby
1044 4651 1109 4714 tuit
1133 4650 1263 4714 seisitns
1288 4654 1350 4714 ete.
1377 4649 1417 4714 de
1440 4650 1537 4714 terris
1562 4651 1596 4711 et
1620 4646 1818 4710 tenementis
1841 4647 1876 4708 in
1900 4646 1969 4710 Esr

469 4731 589 4812 Rasru,
606 4754 669 4817 que
684 4739 837 4799 tenentur
851 4757 908 4820 per
922 4743 1046 4802 sextam
1060 4743 1187 4821 partem
1202 4757 1259 4801 un.
1275 4739 1299 4802 f.
1315 4757 1360 4801 m.

512 4884 667 4948 Priorissa
691 4886 731 4948 de
753 4885 930 4950 Greneield
954 4887 1019 4950 fnit
1041 4889 1174 4951 seisitus
1201 4891 1262 4953 ete.
1277 4888 1317 4952 de
1331 4889 1429 4952 terris
1444 4892 1478 4951 et
1494 4887 1693 4950 tenementis
1708 4885 1742 4948 in
1760 4885 1829 4949 Esr
1845 4884 1967 4961 Rssru,

469 4991 531 5054 que
546 4977 701 5036 tenentur
716 4993 773 5056 per
788 4978 911 5036 sextam
926 4981 1052 5056 partem
1068 4997 1122 5040 un.
1139 4976 1162 5039 i.
1181 4997 1225 5040 m.

513 5125 677 5190 Johannes
692 5125 838 5209 Sotehyll
853 5127 894 5189 de
909 5128 1093 5210 Westrasyn
1109 5130 1144 5190 in
1160 5129 1320 5192 comitatu
1336 5129 1493 5212 predicto,
1508 5129 1658 5212 armiger,
1673 5127 1738 5188 fuit
1754 5125 1886 5187 seisitns
1905 5127 1968 5190 ete.

468 5215 509 5278 de
532 5215 627 5277 terris
654 5219 689 5277 et
714 5216 913 5280 tenementis
938 5215 972 5277 in
989 5216 1089 5283 Wssn
1105 5217 1216 5282 Rnsru
1232 5217 1407 5282 etMnnnn
1422 5217 1532 5281 Rsssu
1547 5214 1668 5298 injure
1683 5212 1844 5289 Johanne‚
1861 5213 1970 5273 uxoris

470 5323 536 5380 sue,
551 5323 613 5386 que
627 5307 780 5365 tenentur
794 5323 851 5385 per
865 5305 1035 5366 servicium
1050 5325 1102 5366 nn.
1122 5305 1144 5367 t.
1163 5325 1206 5366 m.
1222 5309 1256 5367 et
1272 5325 1329 5386 per
1342 5311 1493 5384 quartam
1508 5308 1634 5385 partem
1649 5321 1704 5364 nn.
1722 5299 1745 5363 f.
1762 5320 1806 5362 m.

512 5465 674 5529 Johannes
699 5465 859 5548 Desynay‚
885 5487 987 5548 nuper
1010 5467 1049 5530 de
1075 5466 1253 5551 Kynyerby
1277 5467 1312 5528 in
1337 5467 1497 5530 comitatu
1521 5463 1700 5540 Lineolnie,
1726 5461 1879 5544 armiger,
1905 5435 1977 5522 fuit

471 5553 600 5614 seisitns
624 5555 688 5617 ete.
716 5552 757 5615 de
780 5553 876 5614 terris
901 5559 935 5616 et
958 5555 1157 5617 tenementis
1180 5555 1215 5615 in
1240 5553 1419 5619 Krrrvnnnr
1434 5557 1468 5615 et
1483 5553 1649 5629 Ounnssr,
1665 5571 1729 5634 que
1745 5554 1898 5612 tenentur
1913 5568 1969 5629 per

473 5645 620 5722 quartam
636 5643 762 5722 partem
779 5659 835 5704 nn.
851 5641 875 5703 f.
892 5660 935 5702 m.

513 5790 533 5854 J
536 5789 679 5854 ohannes
694 5791 882 5874 Langyston
897 5792 931 5854 in
947 5793 1107 5856 comitatu
1122 5791 1359 5857 Noramthonie
1377 5794 1460 5872 (sic),
1486 5790 1570 5874 legis
1592 5789 1728 5874 peritus,
1744 5789 1819 5850 ¹fuit
1841 5787 1970 5850 seisitns

347 5887 349 5892 ’
470 5883 533 5943 ete.
563 5879 602 5942 de
632 5879 723 5942 terris
753 5882 787 5940 et
817 5879 1014 5942 tenementis
1042 5881 1077 5942 in
1107 5878 1274 5957 Ossaeus,
1304 5901 1366 5965 que
1395 5882 1549 5943 tenentur
1577 5897 1633 5961 per
1662 5880 1813 5958 quartam
1844 5880 1970 5958 partem

473 5986 528 6030 un.
544 5965 568 6032 f.
585 5986 630 6029 m.
