5000 7050
293 428 296 438 ’
380 428 431 470 Γ
477 469 489 478 ,
557 462 582 474 ..
618 425 705 478 ἰν,
725 423 2248 488 ΝἯΨΡΓὟΨ*Β-νμπμν”κ”ψ
2273 423 2287 446 r

1106 1131 1211 1208 Μ).
1236 1134 1332 1199 1346.
1916 1133 1979 1202 547

521 1423 665 1490 Heredes
680 1421 839 1491 iohannis
853 1425 895 1490 de
903 1388 1106 1512 'Glareringg
1119 1430 1236 1490 tenent
1251 1425 1296 1491 di.
1313 1425 1336 1490 f.
1348 1425 1439 1490 min
1455 1425 1638 1492 Horaronn
1654 1425 1695 1490 de
1709 1420 1828 1489 honore
1843 1425 1884 1492 de
1898 1423 1979 1508 Eya,

476 1517 510 1576 et
524 1512 612 1576 ultra
626 1512 667 1579 de
681 1532 770 1598 rege,
786 1513 872 1596 quod
887 1513 1048 1579 Robertus
1062 1513 1150 1578 filius
1166 1514 1285 1598 Rogeri
1299 1514 1410 1577 tenuit
1484 1552 1496 1567 -
1586 1553 1597 1564 -
1688 1551 1699 1564 ·
1789 1551 1801 1564 -
1888 1531 1977 1578 xmo.

520 1649 624 1713 Heres
632 1649 702 1716 Ade
713 1650 754 1716 de
764 1650 920 1717 'lhostnle
936 1656 973 1715 et
987 1656 1136 1716 tenentes
1150 1652 1200 1715 sui
1214 1655 1329 1715 tenent
1344 1651 1379 1714 in
1390 1651 1572 1716 Tsvnnnsu
1587 1649 1764 1715 dimidium
1780 1649 1979 1746 quarteriqm

477 1737 500 1803 f.
517 1758 560 1801 m.
577 1738 616 1803 de
631 1738 777 1805 iohanne
793 1738 834 1806 de
849 1739 979 1818 Ceston,
994 1747 1027 1803 et
1043 1739 1133 1805 idem
1146 1740 1187 1802 de
1201 1741 1353 1823 episeopo
1367 1737 1518 1817 Norwioi,
1533 1742 1567 1802 et
1582 1737 1668 1803 idem
1685 1738 1725 1804 de
1740 1758 1814 1823 rege
1913 1757 1977 1802 aa.

480 1962 489 1977 ·
517 1876 657 2026 ¹§nmmo
680 1876 801 1962 xvijdi.
817 1897 880 1942 ns.
927 1876 1008 1944 Inde
1033 1878 1074 1944 de
1097 1877 1301 1942 ineremento
1328 1898 1415 1942 xxa.
1460 1876 1525 1940 Pro
1539 1875 1609 1962 viij.
1625 1876 1648 1942 f.
1666 1875 1711 1943 di.
1728 1895 1793 1940 uno
1815 1875 1979 1961 quarterio

474 1985 502 2049 J.
532 1984 602 2030 .m.

870 2310 1091 2379 Hmmnnnnu
1112 2331 1158 2378 nn
1179 2309 1335 2379 NORTH
1357 2310 1632 2382 GRENHOWE.
1655 2267 1658 2274 ‚

522 2473 846 2540 durati-Robertus
883 2474 926 2540 de
962 2475 1081 2555 Waies,
1122 2473 1263 2538 Thomas
1303 2473 1407 2554 Hard,
1437 2472 1603 2539 Johannes
1632 2474 1764 2559 Biythe,
1794 2475 1980 2544 Willelmus

479 2560 634 2640 Curnonn,
659 2562 823 2628 Johannes
848 2561 985 2646 Ayneld‚
1008 2560 1123 2627 Simon
1146 2561 1189 2626 de
1213 2561 1309 2642 Aule,
1332 2561 1495 2628 Johannes
1521 2562 1562 2628 de
1585 2562 1765 2645 Reynham‚
1780 2563 1885 2629 Adam
1909 2570 1979 2628 atte

478 2648 566 2724 Oros,
595 2649 757 2716 Johannes
787 2647 948 2732 Wrigthe,
981 2648 1228 2716 Bartholomens
1258 2650 1298 2715 de
1327 2647 1498 2734 wighten,
1527 2647 1692 2716 Johsnnes
1728 2649 1816 2714 filius
1842 2650 1910 2717 Ade
1944 2657 1979 2716 et

479 2737 642 2800 Henrieus
658 2737 698 2802 de
712 2736 914 2815 Plumsrsde,
929 2738 986 2820 qui
1001 2737 1115 2804 dieunt
1130 2757 1189 2820 per
1204 2741 1444 2800 sacramentum
1460 2757 1555 2800 suum
1570 2737 1656 2820 quod
1666 2761 1719 2802 :-

521 2926 684 2993 Weltems
698 2924 822 3009 Msuny
836 2930 929 2991 tenet
943 2925 989 2993 di.
1006 2927 1031 2991 f.
1048 2946 1091 2991 m.
1106 2926 1142 2988 in
1157 2925 1324 2992 Honousu
1339 2924 1381 2989 de
1395 2925 1567 2990 heredibus
1590 2925 1723 2991 Roberti
1741 2927 1783 2990 de
1798 2924 1980 3005 Tateshale,

478 3017 513 3077 et
535 3013 636 3078 iidem
661 3011 797 3077 heredes
823 3014 864 3077 de
887 3014 1020 3077 domino
1044 3034 1119 3099 rege
1140 3013 1195 3078 i.e.
1211 3014 1299 3097 quod
1324 3013 1457 3076 domina
1478 3011 1634 3097 Dyonisia
1661 3014 1701 3078 de
1722 3014 1837 3078 Monte
1863 3014 1980 3080 Caniso

478 3102 642 3186 quondam
658 3103 785 3177 tenuit3
812 3108 848 3164 et
870 3101 979 3164 dietus
993 3101 1158 3170 Walterus
1184 3100 1307 3182 Mauny
1322 3098 1423 3164 habet
1449 3100 1533 3165 illud
1559 3121 1599 3165 ex
1623 3103 1827 3167 concessione
1853 3102 1979 3167 domini

477 3189 563 3271 regis
578 3209 682 3274 nsque
696 3188 738 3251 ad
754 3189 884 3271 plenam
899 3192 1027 3252 etatem
1041 3187 1169 3252 heredis
1184 3189 1312 3251 comitis
1327 3187 1499 3274 Aeseliie-
1589 3227 1599 3240 -
1690 3229 1703 3242 -
1792 3229 1805 3242 -
1892 3211 1978 3256 κω.

522 3325 688 3392 Galfridus
704 3326 833 3409 Myniot
849 3330 942 3390 tenet
956 3327 991 3388 in
1006 3326 1173 3391 Honousu
1189 3346 1291 3389 unum
1305 3327 1509 3409 quarterium
1524 3325 1546 3392 f.
1562 3346 1608 3391 m.
1626 3325 1666 3391 de
1692 3326 1823 3392 domino
1837 3327 1979 3396 Waltero

479 3412 519 3478 de
534 3413 665 3491 Maune,
680 3420 716 3477 et
729 3413 817 3478 idem
832 3413 873 3480 de
889 3413 1009 3479 herede
1025 3413 1159 3478 Roberti
1174 3414 1215 3479 de
1230 3412 1412 3491 Tateshale,
1437 3419 1471 3477 et
1497 3414 1586 3479 idem
1610 3413 1651 3478 de
1674 3413 1806 3480 domino
1830 3436 1904 3500 rege
1926 3417 1978 3481 i.o.

478 3501 565 3585 quod
580 3499 778 3565 Eustachius
793 3501 833 3567 de
848 3500 948 3565 Breth
965 3501 1128 3584 quondam
1143 3501 1251 3565 tenuit
1305 3540 1824 3555 ------
1913 3523 1979 3570 ms.

521 3640 682 3702 Tenonter
695 3643 855 3703 terrarum
871 3638 1007 3707 Walteri
1022 3636 1165 3702 Hskoun
1179 3641 1297 3702 tenent
1312 3639 1346 3701 in
1363 3638 1532 3704 Honunsu
1547 3638 1641 3724 xvj⁸¹¹²
1657 3645 1784 3720 partem
1799 3641 1823 3727 j.
1838 3641 1862 3706 f.
1877 3662 1922 3707 m.
1940 3642 1981 3708 de

479 3727 610 3793 domino
624 3727 767 3794 Wsitero
782 3727 823 3792 de
838 3728 970 3803 Maune,
984 3732 1019 3789 et
1033 3726 1122 3792 idem
1138 3725 1178 3791 de
1194 3725 1311 3791 herede
1334 3722 1497 3811 [Roberti]
1519 3726 1558 3791 de
1573 3726 1754 3805 Tateshaie‚
1769 3732 1803 3793 et
1826 3728 1913 3793 idem
1939 3730 1980 3795 de

478 3815 610 3880 domino
625 3834 699 3899 rege
714 3817 765 3879 i.o.
781 3815 867 3899 quod
881 3814 1044 3882 Walterus
1060 3812 1181 3877 Hakun
1195 3812 1360 3896 quondam
1376 3814 1483 3877 tenuit
1503 3853 1514 3864 -
1605 3854 1616 3866 -
1705 3854 1716 3867 -
1804 3814 1874 3899 ij-s.
1892 3814 1978 3898 vjd.

521 3951 687 4016 Johannes
711 3952 751 4017 de
779 3950 950 4037 Kyrkham
973 3956 1066 4015 tenet
1081 3952 1115 4013 in
1132 3951 1298 4016 Hononsu
1313 3969 1416 4014 unum
1431 3952 1633 4032 quarterium
1648 3950 1671 4015 s.
1687 3973 1732 4017 m.
1748 3953 1789 4017 de
1803 3950 1979 4018 heredibus

478 4040 598 4125 Rogeri
613 4041 654 4106 de
670 4039 780 4118 Brom,
795 4046 832 4103 et
845 4040 948 4108 iidem
962 4037 1095 4105 heredes
1111 4039 1151 4104 de
1165 4039 1285 4102 comite
1300 4038 1500 4115 Arundeliie,
1515 4045 1548 4101 et
1563 4039 1653 4104 idem
1670 4039 1710 4105 de
1725 4060 1798 4125 rege
1813 4042 1877 4118 i.o.,
1891 4042 1978 4122 quod

478 4128 640 4205 Johannes
653 4127 742 4190 filius
757 4127 827 4193 ade
842 4128 874 4191 le
890 4124 991 4190 Breth
1007 4126 1172 4210 quondam
1188 4126 1297 4189 tenuit

522 4261 686 4331 Johannes
710 4264 741 4328 le
765 4264 888 4328 Venire
915 4268 1008 4327 tenet
1034 4264 1069 4326 in
1096 4262 1262 4328 Honouau
1288 4260 1382 4347 xvj⁸¹¹¹
1408 4264 1534 4345 partem
1559 4261 1588 4345 j.
1612 4263 1637 4327 f.
1664 4283 1711 4328 m.
1736 4262 1776 4327 de
1805 4258 1979 4329 heredibus

478 4351 611 4416 Roberti
637 4352 679 4418 de
701 4350 885 4429 Tateshale,
909 4355 944 4415 et
968 4350 1070 4417 iidem
1095 4348 1231 4416 heredes
1256 4349 1297 4414 de
1319 4370 1393 4435 rege
1416 4352 1470 4417 ie.
1488 4350 1574 4433 quod
1595 4349 1780 4418 Willelmus
1803 4350 1834 4413 le
1857 4349 1979 4415 Ventre

478 4438 640 4521 quondam
655 4441 765 4503 tenuit
792 4471 1716 4491 ----------
1804 4438 1874 4522 ij.s.
1889 4438 1933 4522 vj.
1942 4437 1976 4505 d.

520 4576 706 4644 Willelmus
720 4575 822 4645 Wake
847 4580 939 4640 tenet
965 4575 998 4638 in
1025 4574 1191 4641 Honeusu
1218 4573 1263 4639 di.
1279 4573 1303 4639 f.
1320 4595 1365 4640 m.
1388 4573 1428 4639 de
1452 4574 1584 4639 domino
1610 4573 1758 4641 Johunne
1784 4572 1927 4655 eardolf,
1943 4581 1977 4639 et

476 4664 624 4817 ἓξὲξ(
639 4666 788 4802 episeopo
802 4664 952 4801 Neruioi,
969 4670 1004 4822 et
1017 4664 1191 4802 episeopus
1200 4661 1241 4727 de
1255 4681 1330 4800 rege
1344 4663 1398 4727 ie.
1409 4661 1497 4799 quod
1512 4660 1653 4799 Thomas
1667 4662 1799 4801 decenn
1814 4662 1976 4816 qnoqqaqr

484 4966 488 4973 Ι
520 4888 613 4952 Prior
627 4888 668 4953 de
683 4887 852 4951 Peterston
868 4892 959 4951 tenet
972 4888 1007 4949 in
1022 4887 1188 4953 Honousu
1203 4891 1239 4949 et
1255 4886 1448 4953 Srrvnrnrn
1463 4884 1508 4951 di.
1517 4884 1539 4950 f.
1552 4906 1597 4951 m.
1609 4885 1650 4951 de
1665 4885 1799 4952 domina
1811 4885 1977 4971 Philippa,

476 4977 592 5060 regina
617 4975 747 5060 Anglie‚
772 4974 812 5040 de
836 4977 980 5040 manerio
1006 4975 1047 5040 de
1069 4972 1240 5059 Wighton‚
1266 4980 1299 5036 et
1324 4973 1382 5036 illo
1408 4973 1448 5038 de
1468 4992 1543 5057 rege
1559 4974 1611 5039 i.e.
1637 4973 1724 5057 quod
1739 4973 1930 5058 Redulphus
1945 4976 1975 5039 le

476 5062 618 5148 Noggun
632 5064 796 5146 quondam
811 5063 919 5126 tenuit
977 5096 1799 5113 ·········
1887 5082 1972 5127 xmo.
2003 5061 2007 5072 '

519 5200 664 5284 Rogerus
679 5198 719 5264 de
732 5198 914 5265 Wolterton
930 5202 1023 5262 tenet
1036 5197 1071 5259 in
1087 5196 1182 5262 ann
1198 5195 1381 5261 Dsnnrroo
1395 5195 1440 5262 di.
1456 5194 1479 5259 s.
1495 5216 1540 5260 m·
1555 5194 1596 5260 de
1620 5195 1765 5261 Johenne
1788 5196 1829 5261 de
1844 5195 1975 5279 Wylby,

475 5291 510 5349 et
532 5287 620 5352 idem
644 5287 684 5352 de
709 5287 831 5350 comite
859 5287 927 5364 (sie)
955 5284 1153 5363 Marescallo,
1179 5292 1215 5346 et
1239 5304 1347 5348 eomes
1372 5283 1413 5348 de
1436 5302 1512 5363 rege
1542 5282 1594 5346 io.
1624 5283 1711 5366 quod
1739 5283 1855 5347 Petrus
1884 5283 1972 5347 filius

478 5372 637 5458 Stephani
652 5373 693 5438 de
708 5372 851 5458 Dellyng
864 5372 1027 5456 qnondam
1043 5372 1151 5434 tenuit
1178 5404 1796 5422 -------
1884 5391 1937 5435 xx.
1946 5393 1971 5437 s.

519 5510 682 5576 Robertus
707 5510 846 5594 Gylbert
871 5514 906 5572 et
929 5507 1104 5572 Nioholaus
1128 5507 1341 5572 Parmounter
1367 5510 1480 5569 tenent
1507 5508 1543 5569 in
1572 5505 1731 5573 Dunense
1757 5506 1803 5573 di.
1818 5507 1842 5571 f.
1858 5528 1903 5573 m.
1931 5508 1972 5573 de

475 5599 591 5664 herede
618 5598 729 5665 Jacobi
756 5597 796 5662 de
822 5596 936 5681 Oreyk‚
952 5603 988 5660 et
1012 5596 1100 5661 idem
1126 5594 1168 5660 de
1194 5594 1311 5660 herede
1325 5595 1454 5658 comitis
1469 5593 1661 5673 Mereacelii,
1676 5602 1711 5658 et
1726 5594 1813 5660 idem
1829 5594 1869 5660 de
1883 5616 1971 5680 rege,

476 5687 564 5769 quod
579 5685 692 5751 Simon
708 5686 747 5750 de
761 5684 859 5748 Prato
873 5684 1036 5768 quondam
1052 5683 1159 5747 tenuit
1176 5720 1796 5734 -------
1884 5704 1969 5750 ιω.

517 5821 680 5888 Johannes
707 5818 817 5885 Storm
844 5821 883 5885 de
907 5820 1068 5903 Wyveton
1091 5823 1186 5882 tenet
1208 5820 1243 5881 in
1268 5817 1450 5883 Dammae
1471 5836 1576 5883 unum
1602 5819 1803 5902 quarterium
1830 5819 1853 5883 i.
1869 5838 1915 5883 m.
1930 5819 1970 5884 de

474 5906 590 5975 herede
621 5909 756 5976 Roberti
784 5910 816 5971 le
845 5907 955 5991 Vyrly‚
989 5913 1023 5970 et
1051 5907 1141 5972 idem
1171 5907 1211 5972 de
1245 5906 1391 5972 Johanne
1421 5904 1564 5985 Batnon,
1595 5916 1630 5968 et
1659 5906 1748 5972 idem
1780 5906 1820 5970 de
1850 5906 1970 5972 comite

473 5997 671 6082 Warrennie,
688 6003 722 6060 et
738 5997 824 6066 idem
842 5996 880 6063 de
894 6016 980 6080 rege,
995 5995 1081 6080 quod
1095 5993 1235 6061 Thomas
1250 5993 1382 6062 Baeoun
1397 5992 1560 6080 quondam
1575 5992 1683 6059 tenuit
1805 6032 1817 6047 ·
1904 6014 1968 6063 ns.
