5000 7050
575 1069 617 1131 60
1264 1064 1394 1133 ΚΕΝΤ.

617 1358 706 1421 Item
721 1358 847 1437 dicunt,
862 1359 949 1443 quod
965 1359 1103 1423 Thomas
1118 1358 1236 1437 Bronn,
1251 1358 1292 1423 de
1307 1359 1452 1439 London,
1469 1362 1619 1446 armiger,
1631 1360 1696 1425 fuit
1711 1361 1856 1439 eeisitus,
1866 1364 1905 1425 ut
1917 1360 1959 1424 de
1974 1360 2079 1425 libero

573 1449 759 1510 tenemento
774 1468 842 1526 suo,
861 1448 977 1511 eodem
993 1448 1046 1511 die
1060 1447 1207 1526 Veneris,
1222 1448 1263 1510 de
1279 1448 1419 1531 quodam
1440 1454 1637 1528 tenemento,
1660 1468 1734 1513 enm
1760 1450 1827 1512 suis
1854 1449 2077 1533 pertinenciis,

574 1539 687 1597 vocato
711 1534 912 1601 Tonusoana
936 1535 972 1598 in
1002 1534 1172 1599 hundredo
1201 1534 1357 1619 predicto,
1384 1540 1476 1599 tento
1505 1537 1539 1598 in
1571 1534 1788 1623 gavulkende,
1818 1536 1904 1621 quod
1940 1536 2076 1618 quidem

575 1625 799 1685 tenementum
814 1624 904 1686 valet
918 1624 1089 1687 annuatim
1103 1623 1191 1686 ultra
1205 1623 1342 1707 reprisas
1357 1626 1394 1686 et
1409 1643 1547 1708 expensa
1561 1626 1739 1688 necessaria
1754 1645 1808 1688 sex
1823 1624 1931 1690 libras.

618 1784 664 1847 Et
686 1783 810 1863 dicunt,
836 1785 923 1868 quod
948 1785 1037 1849 idem
1059 1782 1201 1849 Thomas
1226 1783 1336 1849 Bronn
1360 1789 1452 1849 tenet
1475 1785 1554 1850 alibi
1579 1788 1615 1850 in
1639 1786 1751 1851 eodem
1772 1786 1933 1850 comitatu
1948 1784 2075 1849 Kancie

573 1875 676 1936 terras
690 1877 725 1936 et
739 1878 940 1954 tenementa,
955 1893 1089 1958 perque
1103 1873 1276 1937 servicium
1292 1877 1327 1937 et
1342 1874 1483 1939 valorem
1498 1876 1661 1959 ignorant.

618 2037 715 2116 Item,
739 2036 878 2099 Thomas
903 2034 1061 2120 Chycche,
1088 2037 1128 2101 de
1153 2037 1319 2102 Goneston
1341 2038 1438 2122 juxta
1464 2038 1680 2122 Feverysham
1705 2038 1739 2101 in
1763 2037 1876 2102 eodem
1901 2037 2073 2115 comitatu,

574 2124 726 2209 armiger,
751 2124 816 2188 fuit
841 2125 980 2205 eeisitus,
1007 2130 1047 2189 nt
1073 2125 1114 2187 de
1137 2124 1240 2190 libero
1263 2131 1452 2191 tenemento
1478 2146 1545 2206 suo,
1561 2126 1675 2191 eodem
1690 2126 1745 2190 die
1759 2125 1903 2206 Veneris,
1919 2127 1960 2189 de
1975 2127 2074 2189 certis

574 2214 669 2275 terris
683 2216 717 2275 et
730 2213 940 2292 tenementis,
957 2233 1032 2275 cum
1048 2214 1116 2276 suis
1137 2215 1353 2297 pertinenciis
1375 2213 1463 2298 apud
1487 2213 1710 2279 Hannnconnn
1737 2219 1772 2278 et
1797 2215 1983 2291 Banasam,
2009 2233 2074 2296 que

574 2303 659 2363 terre
685 2304 718 2363 et
741 2303 931 2364 tenemento
954 2299 1063 2363 valent
1091 2302 1261 2364 annuatim
1290 2302 1378 2365 ultra
1407 2304 1542 2385 reprisas
1571 2308 1605 2364 et
1633 2322 1771 2385 expensa
1793 2304 1980 2381 necessaria,
1996 2302 2070 2365 ali.

574 2387 619 2449 Et
632 2387 728 2451 habet
742 2387 823 2451 alias
837 2394 938 2451 terras
952 2387 1031 2451 alibi
1045 2388 1080 2450 in
1096 2388 1209 2452 eodem
1223 2392 1382 2453 comitatu
1398 2389 1438 2453 de
1453 2409 1517 2474 quo
1532 2389 1639 2453 valore
1654 2391 1815 2474 ignorant.

618 2551 715 2629 Item,
738 2548 905 2617 Iohannes
931 2550 1132 2635 Sheldwych,
1157 2552 1198 2616 de
1227 2551 1400 2617 cantuaria
1429 2553 1582 2636 predicte,
1613 2552 1818 2637 gentnlman,
1846 2551 1913 2615 fuit
1940 2552 2070 2616 seisitus

466 2628 469 2633 ’
573 2639 718 2723 predicto
746 2637 801 2702 die
826 2639 970 2719 Veneris,
999 2645 1038 2702 ut
1066 2641 1107 2703 de
1136 2640 1238 2704 libero
1269 2647 1457 2705 tenemento
1488 2661 1555 2719 suo,
1585 2640 1626 2703 de
1656 2641 1753 2704 certis
1782 2640 1876 2704 terris
1904 2641 2069 2703 cumanis

573 2726 784 2810 pertinenciis
808 2727 844 2789 in
868 2726 1070 2811 gavylkende
1093 2726 1180 2811 apud
1206 2729 1411 2807 Srowrsnnn,
1434 2748 1497 2813 qne
1513 2728 1623 2791 valent
1648 2729 1820 2791 annuatim
1834 2727 1921 2791 ultra
1935 2728 2069 2811 reprisas

573 2819 649 2893 etc,
667 2836 750 2879 xxa.
796 2813 841 2877 Et
855 2812 1033 2877 habetaiia
1054 2820 1156 2879 terras
1178 2821 1212 2879 et
1235 2822 1420 2881 tenemento
1446 2816 1524 2879 aiibi
1549 2816 1584 2878 in
1612 2815 1727 2880 eodem
1753 2816 1911 2879 comitatu
1936 2814 2068 2894 Kancie,

571 2922 710 2985 qnorum
725 2901 867 2965 valorem
881 2903 1041 2986 ignorant.

618 3050 718 3129 Item,
739 3050 886 3115 Dionisia
908 3051 941 3114 la
963 3049 1113 3133 Oherche,
1137 3052 1178 3115 de
1193 3052 1362 3137 Westgate
1372 3054 1469 3137 juxta
1484 3053 1691 3119 Centnariam
1709 3053 1864 3137 predicta,
1882 3052 1989 3131 vidua,
2005 3052 2068 3117 fuit

573 3140 683 3202 saisita
705 3138 851 3221 predicto
874 3138 927 3202 die
954 3138 1100 3218 Veneris,
1123 3145 1164 3204 nt
1187 3140 1228 3203 de
1253 3140 1353 3205 libero
1378 3147 1567 3205 tenemento
1594 3161 1661 3221 sno,
1687 3141 1727 3204 de
1750 3134 1905 3227 [quodam
1919 3138 2062 3226 redditu]

572 3226 704 3290 annuali
733 3228 817 3289 sicco
846 3248 873 3292 c.
889 3250 915 3292 s.
946 3232 1134 3313 emergente
1161 3227 1205 3290 de
1234 3229 1332 3291 certis
1362 3230 1570 3309 tenementis,
1607 3249 1671 3313 que
1707 3228 1871 3313 predictus
1907 3228 2068 3293 Iohannes

572 3312 795 3398 Sheldewych,
829 3319 864 3378 et
899 3313 1082 3379 Willelmus
1118 3315 1304 3399 Bonynton,
1340 3316 1381 3379 de
1418 3314 1601 3401 Wyngham
1654 3317 1688 3379 in
1739 3317 1898 3381 comitatu
1947 3316 2069 3380 Kancie

621 3550 742 3641 [Item]
751 3552 943 3633 ,Willelmus
957 3554 997 3618 de
1011 3553 1197 3639 Bonynton,
1209 3557 1411 3640 gentylman,
1422 3556 1486 3620 fuit
1501 3557 1640 3635 seisitus,
1657 3559 1696 3620 nt
1710 3557 1751 3620 de
1767 3555 1866 3620 libero
1882 3558 2068 3619 tenemento

571 3662 637 3722 suo,
667 3643 813 3726 predicto
841 3641 895 3705 die
922 3641 1058 3706 Veneris
1086 3643 1127 3707 de
1156 3645 1255 3708 certis
1285 3647 1486 3708 tenementis
1516 3645 1551 3707 in
1587 3645 1772 3712 Wnsrarra
1809 3643 1956 3727 predicta
1991 3640 2068 3730 [que

570 3729 690 3807 valent,
704 3725 801 3816 etc.],
816 3750 899 3795 xxa.
943 3730 988 3793 Et
1002 3728 1103 3795 habet
1116 3731 1196 3794 alibi
1211 3733 1247 3794 in
1262 3732 1377 3796 eodem
1392 3734 1551 3796 comitatu
1573 3736 1675 3796 certas
1697 3737 1797 3796 terras
1818 3735 1853 3795 et
1872 3735 2067 3810 tenementa,

570 3839 708 3904 quorum
721 3818 862 3881 valorem
876 3818 1039 3903 ignorant.

614 3970 711 4047 Item,
722 3968 918 4033 edmundus
932 3967 1056 4052 Rapere
1071 3969 1112 4032 de
1121 3968 1290 4055 Westgate
1304 3969 1452 4053 predicta
1469 3966 1549 4056 [fuit
1564 3970 1695 4034 seisitus
1709 3967 1787 4056 etc]
1805 3969 1846 4033 de
1861 3970 1958 4033 certis
1974 3970 2067 4034 terris

570 4064 605 4123 et
633 4059 831 4122 tenementis
860 4077 936 4120 cnm
965 4059 1032 4120 suis
1060 4057 1271 4139 pertinenciis
1299 4060 1334 4121 in
1365 4058 1549 4126 Hannsrors
1579 4058 1614 4121 in
1651 4057 1765 4121 eodem
1801 4056 1979 4134 hundredo,
2005 4078 2068 4141 qne

570 4151 724 4211 tenentur
738 4145 774 4207 in
788 4142 1003 4229 gavylkende,
1017 4150 1053 4207 et
1066 4144 1176 4207 valent
1222 4193 1836 4210 ............
1888 4141 1949 4231 [Et
1970 4143 2068 4209 habet

570 4239 671 4298 terres
685 4238 720 4297 et
733 4227 938 4317 tenemento]
958 4231 1038 4295 alibi
1054 4231 1090 4294 in
1105 4231 1217 4296 ecdem
1233 4235 1403 4312 comitatu,
1419 4252 1557 4317 quornm
1571 4233 1710 4296 valorem
1725 4233 1889 4318 ignorant.

614 4381 713 4461 Item,
736 4380 901 4448 Johannes
927 4383 1068 4468 Rollyng
1090 4383 1130 4448 de
1152 4384 1321 4469 Westgate
1346 4384 1504 4469 predicta,
1521 4383 1722 4470 gentylman,
1743 4381 1825 4470 [fuit
1839 4383 1968 4447 seieitns
1983 4379 2061 4469 etc]

570 4475 609 4535 ut
623 4471 663 4535 de
678 4470 779 4534 libero
793 4475 980 4535 tenemento
996 4491 1065 4550 suo,
1079 4471 1120 4535 de
1133 4474 1231 4536 certis
1246 4473 1343 4536 terris
1358 4477 1393 4536 et
1417 4473 1616 4536 tenementis
1641 4473 1676 4536 in
1700 4472 1886 4540 Wnsnernn
1911 4471 2068 4555 predicta,

570 4561 671 4624 tentis
699 4559 734 4621 in
764 4558 976 4642 gavylkende,
998 4579 1061 4642 qne
1092 4560 1200 4624 valent
1229 4581 1288 4645 per
1314 4580 1438 4625 annum
1461 4559 1548 4624 ultra
1571 4561 1706 4644 reprisas
1732 4565 1783 4622 etc
1786 4605 2066 4625 ......

570 4647 616 4712 Et
629 4645 728 4710 habet
740 4647 821 4710 alias
836 4654 936 4710 terras
950 4647 1031 4711 alibi
1046 4649 1081 4711 in
1096 4650 1255 4713 comitatu
1269 4649 1424 4733 predicto,
1439 4668 1576 4732 quarum
1591 4647 1734 4710 valorem
1749 4648 1911 4732 ignorant.

615 4797 714 4874 Item,
728 4796 912 4862 Willelmus
927 4798 1105 4863 Wodeland
1119 4797 1185 4862 fuit
1200 4799 1329 4864 seisitns
1343 4804 1408 4865 ete.
1426 4798 1467 4862 de
1481 4798 1579 4862 certis
1593 4797 1687 4862 terris
1703 4803 1738 4862 et
1759 4798 1957 4861 tenementis
1980 4797 2066 4882 apnd

571 4886 695 4953 Hasna
719 4887 754 4949 in
778 4887 891 4950 eodem
913 4884 1090 4963 hundredo,
1117 4889 1219 4950 tentis
1245 4888 1281 4950 in
1305 4885 1518 4972 gavylkende,
1542 4905 1605 4969 que
1628 4885 1738 4949 valent
1764 4905 1966 4970 perannum
1980 4887 2067 4949 ultra

570 4974 707 5058 reprisas
730 4977 792 5039 etc.
815 4973 892 5040 lma.
936 4974 1024 5039 Item
1044 4972 1145 5038 habet
1166 4973 1246 5039 alibi
1268 4975 1303 5038 in
1326 4974 1402 5038 eliis
1424 4972 1603 5038 hundredis
1626 4974 1802 5037 comitatus
1827 4973 1950 5038 Kancie
1965 4977 2066 5037 certes

570 5067 683 5141 terras,
696 5081 834 5147 quarum
848 5062 988 5127 valorem
1002 5063 1164 5147 ignorant.

614 5213 702 5278 Item
716 5211 857 5278 Thomas
901 5261 1347 5279 .........
1365 5212 1406 5276 de
1421 5212 1589 5298 Westgate
1604 5211 1760 5295 predicta,
1777 5211 1984 5276 fuitseisitus
2003 5216 2065 5277 etc.

569 5303 609 5366 de
639 5302 735 5365 certis
764 5303 860 5365 terris
886 5306 922 5365 et
950 5303 1146 5364 tenementis
1176 5301 1263 5383 apud
1296 5301 1475 5367 Snunsoan
1501 5301 1537 5364 in
1561 5301 1674 5364 eodem
1705 5297 1888 5377 hundredo,
1901 5301 2002 5363 tentis
2031 5300 2066 5362 in

570 5389 776 5473 gavilkende,
797 5383 889 5475 [que]
910 5388 1019 5452 valent
1049 5409 1104 5471 per
1129 5408 1252 5452 annum
1298 5435 1686 5453 ........
1731 5388 1776 5450 Et
1805 5386 1903 5450 habet
1931 5386 2008 5450 alibi
2031 5386 2066 5449 in

570 5478 684 5542 eodem
699 5477 857 5541 comitatu
872 5487 972 5540 terras
987 5481 1022 5539 et
1036 5480 1234 5557 tenementa,
1251 5496 1389 5559 quorum
1404 5477 1542 5540 valorem
1558 5479 1720 5561 ignorant.

612 5628 700 5693 Item
730 5625 895 5692 Johennes
919 5625 1061 5711 Felipot,
1092 5627 1131 5691 de
1161 5627 1330 5714 Westgate
1361 5627 1517 5710 predicta,
1545 5645 1673 5712 yeman,
1711 5622 1793 5712 [fnit
1821 5627 1952 5689 seisitus
1982 5621 2060 5713 etc]

569 5718 606 5781 in
634 5718 819 5785 Wnssessn
848 5714 994 5799 predicta
1023 5716 1058 5778 in
1087 5713 1255 5780 hundredo
1292 5717 1450 5799 predicte,
1485 5736 1549 5799 que
1578 5716 1689 5778 valent
1724 5733 1781 5795 per
1820 5732 1942 5777 annum
1979 5713 2066 5779 ultra

566 5805 802 5980 rfippligarrpnxtrpa.
847 5803 891 5867 Et
912 5800 1011 5869 habet
1032 5803 1111 5868 alibi
1137 5805 1172 5868 in
1195 5804 1309 5868 eodem
1332 5804 1493 5867 comItatn
1515 5807 1619 5867 certas
1641 5808 1752 5878 terrae,
1768 5820 1906 5884 quarum
1921 5802 2065 5866 valorem
