5000 7050
1129 1088 1214 1156 Aa).
1237 1091 1332 1155 1428.
1444 1187 1447 1196 Ι
1913 1091 1977 1158 271

521 1374 668 1459 Rogems
695 1373 813 1457 Kelke,
836 1377 1002 1444 Johannes
1026 1380 1176 1465 Bsrneby
1191 1385 1224 1446 et
1248 1383 1305 1445 alii
1331 1381 1460 1445 divisim
1486 1387 1601 1446 tenent
1616 1381 1706 1467 111]ιῐιι
1722 1386 1848 1465 partem
1863 1383 1888 1467 j.
1904 1383 1926 1448 f.
1942 1383 1976 1445 in

478 1461 620 1530 Mauros
635 1472 669 1527 et
684 1463 820 1533 chaar
834 1467 997 1551 quondam
1012 1467 1161 1531 Nicholai
1176 1470 1217 1533 de
1233 1470 1304 1533 Hill
1319 1471 1359 1533 de
1376 1470 1469 1534 feodo
1494 1471 1635 1554 episcopi
1658 1469 1905 1548 lincolniensis,
1927 1480 1978 1533 set

479 1570 536 1633 pro
551 1557 673 1637 quanto
687 1553 826 1637 quilibet
840 1575 950 1618 eorum
965 1559 1055 1619 tenet
1070 1578 1127 1640 per
1141 1578 1173 1621 se
1188 1558 1352 1641 ignorant.

522 1704 668 1789 Rogerns
693 1704 903 1785 Weutwortb‚
924 1704 1091 1770 Johannes
1121 1707 1282 1791 Bameby,
1305 1707 1445 1772 Thomas
1471 1707 1675 1792 Myssendeu.
1702 1713 1737 1772 et
1759 1709 1816 1772 alii
1846 1708 1977 1771 divisim
2042 1695 2044 1702 ’

479 1797 594 1856 teuent
608 1793 643 1854 in
658 1791 850 1859 Yuruonsu
865 1794 910 1858 di.
928 1793 949 1856 f.
965 1815 1009 1859 m.
1025 1795 1189 1880 qnondam
1206 1794 1365 1859 Willelmi
1381 1795 1585 1860 Maundsvill
1600 1797 1640 1860 de
1655 1795 1748 1860 feodo
1764 1797 1804 1860 de
1819 1795 1932 1880 Dsrcy.

522 1945 705 2009 Willelmus
729 1945 854 2008 Burton
877 1950 964 2009 tenet
989 1947 1030 2009 de
1055 1948 1126 2034 jure
1152 1948 1260 2011 uxoris
1290 1969 1346 2011 sue
1376 1949 1420 2012 di.
1446 1947 1469 2012 f.
1495 1968 1539 2012 m.
1568 1948 1604 2011 in
1633 1949 1778 2016 Worrou
1808 1954 1842 2011 et
1867 1948 1977 2015 Psavs

479 2032 676 2112 brunensis,
693 2033 855 2118 quondam
869 2030 1027 2096 Johannis
1041 2036 1081 2098 de
1097 2034 1268 2118 Aystyrby,
1284 2036 1324 2098 de
1339 2036 1432 2100 feodo
1446 2036 1485 2098 de
1502 2035 1615 2119 Darcy.

523 2170 679 2234 Ricardus
703 2171 824 2256 Haugh
847 2176 937 2235 tenet
962 2171 997 2233 in
1020 2170 1166 2250 Russus,
1182 2171 1346 2256 quondam
1362 2171 1493 2234 Henrici
1509 2170 1568 2234 filii
1584 2172 1717 2235 Roberti
1732 2173 1771 2236 de
1787 2171 1923 2254 Keleby,
1937 2172 1977 2235 de

479 2257 573 2321 feodo
586 2259 628 2322 de
644 2257 749 2342 Darcy
870 2265 995 2342 partem
1009 2258 1035 2343 j
1050 2259 1074 2323 f.
1092 2279 1136 2322 m.
1204 2354 1210 2362 ι

522 2407 687 2472 Johannes
701 2376 847 2472 deCeler
861 2413 953 2472 tenet
967 2409 1086 2471 ibidem
1103 2412 1250 2492 quartam
1265 2413 1391 2492 partem
1406 2408 1431 2494 j.
1448 2407 1471 2473 f.
1487 2429 1531 2471 m.
1556 2408 1718 2494 quondam
1739 2409 1820 2473 dicti
1842 2409 1975 2472 Henrioi

479 2497 520 2560 de
535 2495 668 2579 Keleby,
682 2497 723 2559 de
737 2497 832 2559 feodo
846 2497 886 2560 de
902 2496 1016 2579 Darcy.

522 2646 593 2711 Rex
613 2651 715 2726 tenet,
738 2652 776 2710 ut
799 2648 839 2709 de
862 2648 981 2710 ducatu
1003 2667 1060 2710 suo
1074 2647 1271 2726 lancastrie,
1293 2647 1317 2732 j.
1334 2648 1357 2711 1.
1374 2667 1419 2712 m.
1437 2647 1471 2708 iu
1493 2647 1667 2716 Bnomur
1682 2649 1845 2733 quondam
1861 2650 1975 2730 Alicie,

480 2737 641 2799 comitisse
656 2735 836 2812 Linoolnie,
851 2734 890 2797 de
905 2734 999 2798 ieodo
1013 2735 1053 2797 de
1069 2735 1249 2819 Lougspey.
1329 2741 1333 2748 '

522 2873 570 2938 De
599 2873 645 2940 di.
676 2874 698 2937 f.
729 2873 890 2958 quondam
920 2870 1081 2956 Radulphi
1112 2872 1174 2936 filii
1197 2873 1336 2938 Warrini
1366 2873 1406 2936 de
1436 2873 1529 2937 feodo
1559 2871 1689 2953 Cestrie,
1718 2874 1758 2937 de
1788 2875 1976 2940 tenentibus

480 2963 642 3048 ignorant,
656 2982 761 3046 neque
775 2961 815 3024 de
830 2961 919 3040 villa,
934 2961 990 3024 ubi
1004 2966 1065 3024 est.

525 3099 708 3163 Willelmus
745 3098 933 3183 Brolrylsby‚
968 3098 1124 3162 Robsrtus
1161 3097 1299 3179 Gregge‚
1336 3096 1434 3160 abbas
1471 3095 1511 3160 de
1540 3096 1679 3174 Nusum,
1708 3101 1742 3160 et
1771 3097 1923 3180 priorissa
1938 3099 1977 3161 de

480 3187 664 3251 Nuucotom
695 3193 810 3250 tenent
833 3188 962 3250 divisim
988 3185 1033 3250 di.
1049 3185 1072 3249 f.
1088 3206 1131 3248 m.
1155 3187 1189 3246 in
1213 3185 1413 3251 Baomsnr
1428 3189 1463 3247 et
1478 3185 1586 3250 Psavs
1601 3185 1799 3263 Lraunsos,
1816 3187 1977 3269 quondam

481 3275 637 3338 Willelmi
663 3275 833 3359 Lougspey
857 3281 890 3337 et
915 3273 1063 3349 aliorum,
1086 3272 1127 3335 de
1153 3271 1247 3334 feodo
1272 3271 1405 3352 Uestris,
1422 3279 1470 3335 set
1497 3292 1553 3354 pro
1577 3278 1698 3356 quanto
1713 3273 1851 3356 quilibet
1866 3293 1996 3337 eorum·

480 3368 569 3427 tenet
584 3384 641 3446 per
655 3383 690 3426 se
704 3363 865 3446 ignoraui.

522 3497 661 3562 Thomas
687 3495 940 3575 Cumberworth‚
962 3496 1066 3574 miles,
1089 3499 1183 3559 tenet
1208 3495 1242 3559 in
1261 3495 1414 3563 Suuusar
1436 3495 1460 3581 1'.
1478 3495 1501 3561 f.
1519 3515 1563 3564 m.
1586 3494 1747 3579 quondam
1772 3495 1912 3560 Galfridi
1937 3496 1977 3560 de

478 3585 643 3671 Thorysby
658 3587 698 3650 de
712 3586 804 3649 feodo
818 3584 1025 3649 Albemsrlie.
1401 3627 1408 3639 .

522 3740 614 3803 Idem
629 3738 767 3801 Thomas
783 3734 1022 3801 (lumberworth
1036 3741 1129 3800 tenet
1143 3736 1187 3801 di.
1204 3736 1227 3801 f.
1244 3738 1277 3799 iu
1297 3736 1452 3805 Snuusus
1467 3734 1627 3820 quondam
1647 3734 1804 3799 heredum
1820 3737 1975 3801 willelmi

480 3826 602 3910 Ergum
619 3826 659 3890 de
672 3825 768 3890 feodo
782 3828 823 3889 de
837 3824 951 3908 Percy.

522 3960 681 4022 Dominus
704 3959 745 4021 de
768 3958 852 4021 Roos
879 3962 969 4021 leuet
992 3958 1017 4044 j
1033 3955 1057 4020 f,
1074 3955 1106 4016 in
1124 3953 1265 4023 Manuos
1289 3962 1323 4019 et
1339 3955 1428 4033 alibi,
1444 3955 1604 4041 quondam
1618 3954 1747 4018 domiue
1762 3955 1921 4041 Margarie
1936 3930 1977 4023 de

480 4048 573 4127 Boos,
590 4047 630 4109 de
647 4047 739 4109 feodo
754 4046 850 4130 regis.

522 4200 706 4270 Willelmus
730 4201 771 4263 de
796 4198 925 4282 llamby
940 4203 1031 4261 tenet
1056 4198 1091 4259 in
1117 4198 1335 4264 Baomnssns
1350 4196 1385 4284 ij.
1404 4200 1509 4280 partes
1524 4196 1548 4282 j.
1565 4196 1587 4258 f.
1603 4217 1647 4262 rn.
1664 4197 1826 4280 quondam
1842 4198 1974 4267 Walteri

479 4289 620 4372 Hamby,
635 4287 676 4351 de
691 4287 783 4351 feodo
798 4286 1025 4349 Duuolmensis
1040 4286 1190 4368 episcopi.

521 4441 686 4507 Johannes
709 4441 867 4524 Taylboys
892 4446 983 4504 tenet
1005 4438 1093 4524 iiiju*
1112 4443 1239 4523 partem
1266 4439 1289 4526 j.
1305 4437 1328 4503 f.
1345 4458 1389 4499 m.
1416 4437 1450 4499 iu
1479 4436 1753 4517 srurssssson,
1780 4443 1829 4501 set
1850 4440 1890 4503 de
1913 4462 1976 4526 quo
2081 4484 2087 4490 -

478 4536 608 4595 tenetur
621 4531 781 4613 ignorant.

521 4667 703 4736 Willelmus
728 4663 890 4749 Tyrwhyt‚
916 4665 1021 4743 miles,
1042 4669 1131 4728 tenet
1155 4665 1190 4726 in
1208 4663 1472 4731 Srsuruoauaou
1488 4660 1576 4747 111]Ἦῃ
1593 4665 1718 4744 partem
1733 4662 1758 4749 j.
1775 4663 1796 4727 f.
1813 4684 1857 4730 m.
1875 4669 1922 4730 set
1938 4667 1977 4731 de

478 4777 542 4841 quo
555 4761 686 4819 tenetur
701 4755 861 4839 ignorant.

522 4894 621 4978 Hugo
635 4890 750 4974 Cresoy
764 4896 855 4954 tenet
869 4891 910 4953 de
926 4890 998 4976 jure
1013 4891 1121 4954 uxoris
1136 4910 1190 4952 sue
1206 4890 1239 4950 in
1253 4888 1410 4965 Hormou,
1421 4886 1579 4971 quondam
1596 4885 1754 4953 Johannis
1768 4890 1808 4953 de
1825 4884 1981 4973 Hundon‚¹

478 4982 519 5044 de
534 4982 627 5045 feodo
641 4979 681 5044 de
696 4978 803 5043 Nevill
818 4977 950 5041 Forster
968 4980 1029 5056 (ie.
1044 4976 1215 5054 forestarii)
1232 4975 1281 5061 iij.
1296 4979 1403 5058 partes
1418 4976 1441 5060 j.
1458 4975 1480 5039 f.
1495 4994 1540 5040 m.

522 5132 683 5198 Dominus
711 5129 752 5191 de
782 5127 859 5207 Ros,
890 5125 1052 5190 Johauues
1081 5125 1252 5208 Aystyrby,
1281 5123 1414 5187 heredes
1445 5122 1578 5186 Heurioi
1615 5122 1750 5207 Fyliers,
1785 5126 1977 5193 Edmundus

481 5217 632 5294 Gaslrrik,
648 5215 831 5284 Willelmus
854 5214 953 5290 Barn,
977 5211 1115 5276 Thomas
1145 5212 1350 5295 Myssenden,
1376 5208 1540 5274 Johannes
1570 5209 1704 5289 Garreu,
1732 5219 1765 5276 et
1791 5215 1847 5276 alii
1863 5222 1978 5280 tenent

478 5306 608 5369 divisim
621 5305 645 5391 j.
662 5305 684 5369 f.
700 5324 744 5368 m.
759 5304 795 5366 in
810 5302 965 5378 Worrou,
981 5300 1167 5378 domna,
1191 5306 1226 5362 et
1250 5300 1430 5375 Russus,
1457 5299 1619 5381 quondam
1643 5298 1793 5383 Hugonis
1817 5301 1975 5367 Wasshuu

478 5394 519 5456 de
533 5392 625 5456 feodo
640 5392 680 5454 de
693 5410 778 5474 rege,
793 5394 843 5452 set
857 5409 914 5472 pro
929 5393 1051 5473 quanto
1067 5387 1204 5472 quilibet
1218 5406 1329 5449 eorum
1344 5391 1433 5450 tenet
1448 5406 1503 5468 per
1518 5406 1551 5447 se
1565 5386 1726 5470 ignorant.

521 5541 665 5607 Heredes
694 5538 851 5607 Willelmi
881 5539 922 5601 de
937 5535 1139 5621 .Skypwyth,
1167 5536 1253 5600 infra
1283 5539 1404 5599 etatem
1434 5541 1469 5597 et
1497 5534 1531 5596 in
1562 5534 1709 5598 custodia
1738 5536 1862 5599 domini
1891 5541 1976 5623 regis

477 5633 663 5709 existentes,
677 5632 791 5693 tenent
807 5628 842 5689 in
857 5626 1059 5693 Kraurorou
1074 5625 1098 5710 j.
1114 5624 1136 5691 f.
1152 5644 1197 5690 m.
1220 5622 1381 5709 quondam
1407 5620 1540 5685 Roberti
1565 5620 1735 5706 Saltfletby
1749 5620 1789 5685 de
1815 5623 1909 5687 feodo
1936 5627 1976 5691 de

479 5738 567 5802 rege.

517 5854 661 5939 Rogatus
697 5848 898 5920 Weutworth
935 5854 1027 5913 tenet
1063 5849 1104 5911 de
1140 5848 1212 5933 jure
1248 5846 1355 5909 uxoris
1392 5864 1448 5907 sue
1485 5842 1564 5927 iiim
1594 5847 1721 5926 partem
1750 5844 1774 5928 j.
1806 5843 1829 5907 f.
1859 5864 1903 5908 m.
1937 5846 1972 5909 in

477 5942 718 6020 Kammoni,
734 5937 897 6023 quondam
912 5934 1076 6020 Radulphi
1090 5936 1130 5999 de
1146 5932 1323 6011 Gousehill‚
1339 5933 1380 5995 de
1395 5931 1489 5994 feodo
1505 5932 1544 5993 de
1561 5932 1735 6015 Haslyngs.
