5000 7050
1152 1069 1355 1138 sorssors
1439 1048 1441 1054 ’

1045 1364 1159 1428 Fsoos
1182 1385 1226 1428 os
1248 1364 1470 1430 BARDOLF.

550 1515 642 1577 Idem
657 1514 758 1598 jurati
772 1514 888 1577 dieunt
903 1516 988 1599 quod
1003 1538 1056 1576 :-

545 1650 653 1735 Agnes
668 1649 801 1714 Bardolf
812 1658 903 1715 tenet
913 1653 942 1735 j.
959 1653 983 1716 f.
998 1654 1034 1714 in
1050 1652 1275 1734 Rrsrrrrrsros,
1292 1654 1378 1738 quod
1393 1654 1493 1740 Hugo
1509 1651 1643 1716 Bardolf
1654 1652 1817 1734 quondam
1831 1651 1951 1714 tenuit.

506 1877 521 1936 t
547 1785 568 1848 J
569 1785 712 1936 olrtannes
727 1785 826 1850 Disne
841 1790 933 1850 tenet
946 1787 992 1853 di.
1009 1788 1032 1852 f.
1049 1788 1084 1850 in
1100 1789 1308 1868 Βιιιιιιοιοιι,
1319 1789 1405 1873 quod
1419 1789 1441 1852 J
1442 1787 1585 1853 ohannes
1600 1789 1641 1852 de
1655 1786 1830 1872 Dirington
1845 1787 2008 1870 quondam

522 1893 600 1937 enm
618 1923 626 1940 .

547 2010 638 2074 Prior
662 2011 843 2094 Hospitalis
869 2015 963 2075 tenet
986 2011 1029 2096 vj.
1057 2019 1185 2096 partem
1211 2014 1292 2078 dieti
1319 2015 1342 2078 f.
1371 2016 1406 2077 in
1432 2014 1556 2092 eedem,
1582 2034 1681 2097 quam
1707 2015 1862 2098 magister
1885 2011 2009 2076 milicie

507 2097 633 2182 l'empli
649 2099 811 2181 quondam
826 2101 947 2164 tenuit.
1998 2143 2006 2160 .

548 2236 641 2303 Prior
654 2237 696 2301 de
712 2235 965 2322 Haveryngham
984 2241 1110 2317 (rectius
1127 2239 1337 2319 Haverholm)
1355 2245 1447 2304 lensi
1463 2239 1506 2323 vj.
1523 2242 1651 2322 perlem
1667 2239 1749 2302 dicti
1765 2239 1788 2304 f.
1804 2237 1841 2300 in
1856 2238 1978 2302 eadem.

549 2373 641 2437 Prior
655 2374 695 2437 ds
710 2373 837 2439 Cattele
852 2379 942 2438 tenet
957 2374 1026 2458 viij.
1043 2381 1172 2458 partem
1187 2378 1269 2440 dicti
1285 2378 1309 2442 i.
1325 2379 1360 2440 in
1378 2377 1503 2442 eadem.
1523 2431 1525 2434 .

549 2511 642 2574 Prior
656 2511 836 2597 Hospitalis
851 2515 941 2577 tenet
955 2513 1061 2598 xxiiij.
1076 2519 1202 2598 partem
1217 2514 1300 2578 dieti
1315 2515 1338 2577 f.
1355 2517 1388 2578 in
1405 2515 1531 2582 eadem.

549 2649 640 2713 Prior
655 2652 696 2714 de
710 2650 835 2715 Catosls
849 2656 942 2715 tenet
955 2652 1002 2718 di.
1017 2651 1041 2717 f.
1057 2653 1093 2715 in
1108 2653 1361 2720 Bmososwssn
1376 2660 1411 2716 et
1436 2653 1628 2731 Dossrsnr,
1652 2653 1737 2736 quod
1761 2651 1944 2716 Willelmus
1968 2653 2009 2716 do

507 2737 641 2819 Amwyk
657 2739 818 2822 quondam
832 2739 951 2804 lenuit.

550 2874 709 2939 Robertus
723 2876 903 2961 Mortymer
916 2881 1007 2942 tenet
1021 2877 1067 2944 di.
1084 2880 1107 2943 f.
1124 2878 1159 2940 in
1171 2879 1353 2944 Durrssssr
1367 2883 1400 2943 et
1413 2880 1615 2945 Βιιιιιιιοιιιι
1630 2881 1712 2956 (sio),
1727 2878 1814 2961 quod
1827 2842 2008 2942 willelmus

507 2963 676 3026 Mortimer
691 2965 855 3047 quondum
870 2968 990 3029 lenuit.

508 3103 656 3252 “rigosa
670 3101 805 3165 Bardolf
815 3108 906 3168 tensi
921 3103 971 3188 iij.
987 3107 1095 3186 paries
1110 3124 1165 3168 un.
1181 3103 1205 3168 f.
1222 3105 1257 3165 in
1274 3104 1444 3182 Drosrsr,
1461 3125 1560 3188 quarn
1575 3104 1673 3189 Hugo
1690 3102 1825 3166 Bardolf
1843 3103 2006 3186 quondam

541 3209 599 3251 ιιιιι
618 3238 626 3253 .

535 3370 537 3373 -
552 3326 644 3390 Prior
657 3327 698 3391 de
713 3325 840 3391 Ostrele
854 3331 947 3392 tenet
960 3327 1022 3410 iiij.
1038 3333 1164 3412 pariom
1181 3329 1263 3392 dieti
1278 3330 1302 3394 f.
1318 3331 1353 3392 in
1370 3328 1496 3393 eadem.

551 3465 656 3617 Hegs
670 3465 804 3618 Rtogbertti
819 3465 859 3530 de
874 3464 1048 3531 Bourhslle
1064 3471 1159 3531 tonet
1172 3467 1218 3532 di.
1235 3467 1259 3534 f.
1276 3468 1310 3531 in
1327 3468 1498 3547 Drosssr‚
1517 3466 1603 3551 quod
1619 3467 1778 3533 Robertus
1792 3464 1833 3531 de
1858 3466 2010 3531 Bourhall

509 3574 595 3636 quon
638 3574 672 3617 m
722 3573 807 3619 ιιιιι.

551 3693 653 3756 Heres
678 3690 838 3756 Joharmis
862 3693 902 3756 de
925 3694 1045 3776 Tylton
1070 3698 1161 3759 tenet
1186 3694 1232 3759 di.
1257 3693 1281 3758 f.
1307 3695 1342 3758 in
1370 3694 1535 3772 Bressos,
1556 3693 1642 3777 quod
1657 3692 1822 3758 lohannes
1837 3676 1876 3757 ds
1891 3694 2009 3777 Tylton

448 3868 452 3878 Ι
508 3779 672 3863 quondam
688 3781 808 3845 tenuit.

1020 4073 1135 4139 Frons
1158 4094 1202 4137 mr
1225 4070 1505 4140 PATESHALE.

556 4210 643 4273 Item
659 4209 773 4272 dieunt
787 4208 873 4292 quod
883 4231 937 4272 :-

511 4440 526 4499 t
554 4346 664 4498 Aliisne
686 4347 727 4411 de
752 4345 868 4409 Neubo
893 4351 987 4412 tenet
1011 4347 1057 4413 di.
1074 4347 1097 4412 f.
1115 4348 1150 4411 in
1165 4348 1355 4427 Amororr,
1373 4348 1459 4431 quod
1484 4346 1641 4410 Rioardus
1667 4346 2011 4431 Brabszonquondsm

526 4456 629 4501 enur.

512 4666 527 4724 t
554 4572 716 4722 Roltrertus
729 4571 838 4655 Doyly
851 4576 943 4637 lensi
956 4571 1002 4639 di.
1020 4573 1043 4639 f.
1060 4574 1095 4636 in
1110 4572 1235 4651 eodem,
1251 4578 1286 4637 sl
1300 4572 1476 4657 puoensrii
1491 4571 1553 4652 sui,
1569 4572 1655 4660 quod
1669 4573 1758 4636 idem
1776 4572 1921 4657 Rogsrus
1940 4575 2007 4653 (sio)

529 4682 607 4725 enur
626 4709 634 4725 .

554 4800 673 4875 Alesia,
701 4798 867 4861 eomitissa
902 4797 1080 4878 Linoolnie,
1113 4802 1207 4863 tonet
1240 4799 1405 4875 Ssonsos,
1436 4798 1520 4881 quod
1550 4798 1690 4860 Thomas
1731 4799 1857 4876 (rectior
1887 4802 2009 4877 comos)

511 4883 757 4972 Msrescsl[lus]
777 4886 942 4968 quondam
957 4888 1077 4967 lenuit,
1094 4892 1142 4950 set
1157 4888 1301 4950 nescitur
1315 4907 1373 4969 pro
1387 4890 1520 4969 quanto.

554 5024 576 5089 J
577 5022 720 5088 ohannes
744 5021 873 5084 Peshon
898 5028 988 5086 tenet
1010 5024 1035 5109 j.
1052 5022 1076 5089 f.
1092 5024 1128 5087 in
1154 5024 1328 5104 Βιιιιιιιιιιι,
1344 5026 1479 5107 excepta
1494 5022 1554 5108 ij
1574 5026 1676 5105 parte,
1692 5020 1777 5105 quod
1792 5019 1956 5089 lohannes
1971 5022 2013 5086 de

513 5111 654 5177 Oendsle
668 5109 831 5195 quondam
846 5111 965 5176 lenuit.

555 5250 661 5313 Abbos
674 5249 715 5312 de
730 5246 870 5311 Oroxton
884 5253 974 5312 tenet
989 5249 1033 5333 vj.
1050 5253 1176 5333 partem
1191 5249 1274 5313 dicti
1289 5248 1313 5314 f.
1329 5251 1364 5312 in
1381 5242 1507 5325 eadem,
1520 5265 1618 5331 quam
1633 5244 1656 5307 J
1656 5245 1799 5309 ohannes
1814 5246 1855 5310 de
1873 5245 2013 5311 Cendsle

512 5337 676 5426 quondam
690 5335 809 5400 tenuit.

527 5546 532 5556 ⁴
555 5477 743 5627 Wffuffls
757 5471 881 5623 Pgoher
893 5476 984 5537 tenet
999 5472 1065 5559 xvj.
1083 5478 1209 5557 portem
1222 5475 1247 5560 j.
1262 5474 1285 5539 f.
1301 5475 1337 5537 in
1352 5467 1565 5549 Himeros,
1580 5488 1680 5557 quam
1698 5469 1882 5533 Willelrnus
1897 5469 2014 5536 Piohsr

514 5585 598 5653 quon
642 5584 675 5626 m
725 5580 812 5625 nur.

555 5699 744 5783 Ranulphus
771 5695 873 5779 Parys
900 5700 994 5760 tenet
1022 5697 1059 5784 lj.
1089 5702 1215 5782 parbem
1244 5698 1270 5785 j.
1298 5698 1320 5763 f.
1348 5698 1384 5761 in
1415 5697 1649 5773 Isoonnsssr,·
1665 5712 1763 5779 quam
1794 5692 1940 5779 Rogsms
1970 5694 2012 5760 de

516 5786 708 5877 ingoldesby
722 5784 885 5871 quondam
900 5783 1019 5852 tenuit.

558 5926 650 5991 Prior
664 5924 705 5987 de
719 5920 919 5987 Haverholm
934 5927 1024 5987 tenet
1039 5920 1100 6009 iiij.
1116 5927 1241 6011 partem
1251 5923 1281 6013 j.
1297 5923 1322 5989 f.
1337 5922 1372 5985 in
1387 5922 1601 5991 Wnrrsroso.
