5000 7050
542 1037 606 1102 150
1188 1029 1395 1107 LINCOLN.

583 1326 631 1391 Dc
660 1326 803 1391 Roberto
833 1326 873 1391 de
903 1325 1082 1390 Rothewell
1103 1330 1236 1389 tenente
1269 1324 1306 1411 ij.
1330 1326 1355 1390 f.
1376 1324 1413 1387 in
1447 1322 1631 1391 Gomwouu
1663 1328 1699 1387 ct
1733 1324 1947 1403 Taoauawaa
1978 1342 2041 1405 que

540 1416 663 1480 Alanus
677 1416 717 1479 de
731 1411 909 1479 Rothewell
924 1413 1087 1498 quondam
1100 1413 1223 1478 lenuit.

582 1554 632 1617 De
655 1553 820 1617 Willelmo
841 1554 882 1617 de
904 1552 1108 1638 Heyliuggee
1129 1556 1264 1617 tenente
1275 1552 1301 1638 j.
1317 1552 1341 1617 f.
1357 1553 1392 1615 in
1410 1550 1576 1619 Swauuwu
1598 1556 1633 1615 el
1649 1551 1767 1628 Copae,
1781 1549 1866 1634 quod
1883 1548 2038 1639 Ricardua

538 1643 579 1705 dc
594 1642 798 1726 Heylinggee
813 1642 977 1724 quondam
991 1641 1111 1705 tenuit.
1701 1660 1704 1667 ·

539 1870 554 1929 t
581 1777 776 1930 Detdomino
790 1798 867 1862 rege
881 1781 1014 1840 tenente
1029 1777 1075 1843 di.
1084 1776 1109 1842 f.
1119 1778 1154 1839 iu
1170 1777 1387 1856 Tuoaaswau,
1394 1778 1481 1861 quod
1496 1775 1661 1841 Johauues
1673 1776 1713 1839 de
1731 1774 1856 1837 Baiccis
1873 1773 2037 1856 quondam

554 1887 632 1929 enm
651 1915 660 1933 .

580 2001 629 2064 De
652 1998 780 2083 cherc
801 2000 842 2063 de
864 1999 968 2083 Nevyl
990 2005 1124 2064 tenente
1146 2000 1183 2087 ij.
1206 2004 1314 2084 parte·
1331 2000 1360 2084 j.
1383 2001 1408 2065 f.
1430 2000 1467 2063 in
1490 2000 1702 2077 Taunum,
1727 2018 1805 2082 quas
1829 1996 1977 2060 Euiemia
1998 1996 2038 2059 de

538 2086 656 2151 Sancto
672 2087 760 2150 Luco
777 2090 845 2166 (cic)
863 2087 1026 2171 quondam
1040 2090 1160 2152 tenuit.

537 2322 552 2378 t
580 2227 784 2378 Detdomino
807 2248 882 2311 rege
905 2232 1040 2292 tenente
1060 2226 1088 2311 j.
1112 2226 1136 2293 f.
1160 2228 1195 2291 in
1222 2226 1347 2305 eadem,
1372 2228 1459 2311 quod
1483 2224 1649 2291 Johauues
1673 2226 1714 2289 de
1740 2224 1851 2289 Iusulu
1874 2224 2037 2308 quondam

553 2335 631 2379 enu1
647 2362 655 2377 .

580 2452 630 2515 De
650 2452 768 2515 abbate
792 2452 832 2515 de
854 2450 1022 2515 Thorntcn
1044 2448 1179 2515 teiientc
1196 2451 1224 2535 j.
1246 2452 1270 2517 f.
1296 2471 1340 2517 m.
1364 2453 1399 2515 in
1421 2452 1574 2529 Baaowu
1596 2450 1682 2533 quod
1716 2449 1879 2514 Walteruc
1910 2448 2038 2534 Crispin

536 2539 701 2622 quondam
715 2540 835 2604 tenuit.

580 2674 629 2737 De
663 2673 809 2737 Galfridc
842 2673 884 2737 de
903 2672 1038 2737 Brunne
1060 2679 1195 2737 tenente
1216 2673 1265 2759 iij.
1288 2678 1414 2757 partem
1436 2674 1460 2760 j.
1484 2675 1506 2737 i.
1529 2675 1564 2737 iu
1586 2674 1740 2752 Baumm,
1762 2672 1848 2756 quod
1870 2672 2037 2737 Galfridue

536 2762 624 2825 filius
637 2760 730 2825 Jocei
743 2760 906 2845 quondam
922 2764 1041 2826 tenuit.

928 3024 1043 3139 maa
1082 3071 1291 3140 umecolu
1327 3070 1648 3141 uaouacuusm.

581 3238 629 3303 De
663 3237 833 3322 Radulpho
860 3238 900 3301 de
933 3236 1035 3321 Driby
1065 3242 1198 3302 tenente
1223 3238 1253 3322 j.
1274 3239 1299 3303 f.
1324 3258 1369 3304 m.
1396 3238 1432 3301 in
1462 3240 1672 3316 Lamum,
1702 3239 1788 3323 quod
1817 3239 1915 3324 Hugo
1948 3240 2035 3304 filius

538 3323 704 3410 lladulphi
718 3324 881 3410 quondam
896 3324 1016 3389 tenuit.

581 3462 629 3526 De
651 3459 775 3524 Thcma
796 3461 837 3526 dc
859 3459 978 3524 Sancto
1000 3460 1113 3524 Laudo
1135 3465 1270 3526 tenente
1290 3460 1336 3527 di.
1353 3458 1377 3528 f.
1394 3480 1439 3527 m.
1457 3461 1492 3524 in
1517 3460 1737 3540 enimcum,
1760 3462 1846 3546 quod
1873 3462 2036 3528 walterus

537 3552 577 3613 de
593 3549 708 3614 Scurea
723 3549 886 3633 quondam
899 3550 1022 3615 tenuit.

580 3688 629 3750 De
651 3687 817 3750 Willelmc
839 3686 990 3770 Palefrey
1013 3692 1048 3750 et
1068 3685 1186 3750 abbate
1208 3687 1249 3749 de
1271 3686 1364 3750 Valle
1386 3687 1448 3750 Dei
1470 3693 1602 3750 tenente
1625 3688 1670 3750 di.
1692 3687 1715 3754 f.
1739 3687 1810 3774 viij.
1845 3693 1971 3771 partem
2004 3693 2039 3752 et

537 3776 635 3860 xxxij.
652 3780 778 3858 partem
793 3776 829 3837 in
843 3775 969 3852 Eneca,
983 3794 1045 3857 que
1059 3772 1200 3837 Thomas
1214 3771 1363 3859 Palefrep
1377 3774 1540 3858 quondam
1556 3776 1676 3841 tenuit.

573 3907 629 4058 ellic
647 3908 806 4057 pppgistrc
833 3906 956 3970 milicie
981 3906 1111 3990 Templi
1134 3910 1270 3970 tenente
1295 3905 1351 3991 vij.
1367 3911 1493 3991 partem
1507 3911 1542 3970 eb
1556 3927 1585 3971 c.
1603 3911 1727 3990 partem
1741 3911 1775 3971 et
1790 3921 1895 3970 Dccce.
1910 3912 2038 3990 partem
2051 3935 2071 3972 ι

537 4017 574 4078 pr
614 4015 674 4057 101
705 4043 712 4058 .

579 4132 628 4195 De
649 4129 799 4195 Johannc
819 4131 860 4194 de
884 4131 989 4194 Melea
1010 4135 1144 4194 tenente
1160 4132 1204 4196 di.
1220 4131 1244 4197 f.
1261 4138 1297 4195 et
1311 4132 1376 4217 xvj.
1392 4137 1428 4196 et
1441 4153 1524 4197 cccc.
1543 4137 1668 4216 partem
1678 4131 1707 4215 j.
1724 4133 1747 4197 f.
1764 4133 1799 4195 in
1815 4133 1990 4199 BYumuuY
2005 4139 2039 4196 et

536 4220 709 4298 Waucoum
723 4239 786 4301 quc
801 4217 983 4282 willelmus
997 4217 1085 4282 filius
1100 4218 1194 4282 Petri
1209 4219 1373 4302 quondam
1388 4221 1507 4284 tenuit.

577 4357 626 4419 De
640 4357 746 4440 priore
759 4355 800 4419 de
815 4353 940 4418 Cattele
955 4360 1091 4420 tenente
1105 4353 1168 4440 iiij.
1183 4360 1313 4439 partem
1329 4355 1411 4419 dicti
1425 4357 1449 4420 f.

540 4575 547 4588 .
576 4494 625 4558 De
641 4494 797 4578 magistro
812 4493 936 4556 milicie
950 4493 1078 4578 Templi
1094 4499 1229 4558 tenente
1243 4494 1288 4561 xl.
1303 4499 1431 4578 partem
1446 4493 1527 4558 dicti
1545 4493 1567 4560 f.

578 4629 626 4693 De
641 4628 755 4692 abbate
771 4628 811 4693 de
825 4628 1012 4732 Kyrkeeted
1026 4635 1159 4695 tenente
1172 4630 1244 4716 xiij.
1262 4636 1388 4715 partem
1402 4632 1543 4716 predicti
1557 4633 1580 4696 f.

579 4766 628 4829 De
654 4764 778 4829 Thcma
799 4766 841 4828 de
868 4758 937 4831 Rce'
946 4772 1082 4831 tenente
1106 4769 1130 4854 j.
1156 4767 1179 4832 l.
1203 4788 1247 4833 m.
1274 4768 1309 4832 iu
1336 4769 1504 4849 Domana,
1527 4770 1612 4853 quod
1640 4769 1739 4854 Hugc
1763 4768 1849 4831 filius
1873 4765 2038 4852 Radulphi

536 4853 699 4944 quondam
714 4855 833 4920 tenuit.

581 4992 630 5055 De
654 4993 760 5074 priore
783 4992 825 5054 de
849 4990 1111 5078 Sempryngham
1136 4999 1270 5058 tenente
1296 4994 1341 5061 di.
1358 4995 1382 5060 f.
1399 4995 1434 5058 in
1458 4996 1670 5072 Hoaaumuu,
1694 4994 1780 5078 quod
1802 4993 1891 5056 idem
1907 4993 1994 5076 prior
2007 5001 2041 5056 et

536 5079 711 5162 participes
724 5080 776 5143 sui
790 5078 952 5162 quondam
968 5086 1155 5146 tenuerunt.

581 5215 628 5277 De
643 5213 767 5278 Thomu
781 5215 823 5278 de
839 5215 1002 5298 Braybcef
1013 5222 1147 5280 tenente
1161 5215 1209 5301 iij.
1224 5222 1332 5301 parles
1346 5219 1371 5304 j.
1388 5220 1412 5284 f.
1428 5220 1463 5282 iu
1480 5220 1651 5298 Tuauoan,
1666 5237 1745 5302 quaa
1760 5217 1929 5282 Gilbertm
1952 5214 2040 5280 filius

536 5303 670 5366 Rcberli
681 5304 845 5386 quondam
862 5305 982 5368 tenuit.

578 5439 625 5502 De
641 5438 815 5523 Hospitale
830 5438 1044 5522 Leprcacrum
1058 5445 1150 5505 extra
1166 5441 1370 5507 Lincoluiam
1386 5447 1520 5507 tenente
1535 5443 1605 5528 viij.
1624 5447 1750 5527 partem
1767 5442 1847 5505 dicii
1863 5441 1885 5506 f.

535 5575 747 5726 d‘Igefpriorc
775 5574 956 5657 Hospitalis
981 5573 1094 5639 Sancti
1118 5575 1279 5641 Johmnis
1293 5577 1476 5643 Jerusalem
1492 5579 1526 5641 iu
1543 5579 1662 5663 Anglia
1677 5583 1809 5641 tenente
1827 5574 1896 5658 viij.
1914 5582 2039 5658 partem

557 5683 616 5726 1c1
647 5713 655 5727 .

576 5799 625 5863 De
640 5797 789 5862 Gilbertc
802 5797 844 5861 de
858 5798 1014 5884 Toudcby
1029 5805 1162 5866 tenente
1177 5801 1256 5888 xxij.
1272 5809 1399 5886 partem
1410 5803 1437 5886 j.
1453 5805 1476 5867 f.
1491 5803 1525 5866 in
1543 5805 1711 5882 Tcuuum,
1733 5821 1831 5887 quam
1856 5797 1977 5864 Giacia
2000 5798 2039 5861 de

535 5887 646 5950 Insula
659 5885 822 5968 quondam
839 5886 957 5950 tenuit.
