5000 7050
1112 1060 1192 1125 A.D.
1218 1062 1313 1126 1428.
1899 1058 1961 1123 301

469 1407 474 1427 ι
502 1351 550 1415 De
574 1350 765 1415 tenentibus
791 1357 951 1415 terrarum
974 1350 1138 1434 quondam
1162 1350 1323 1414 Jobannis
1347 1350 1387 1413 de
1411 1348 1524 1434 Swaby
1549 1369 1608 1433 pro
1638 1357 1693 1415 xx·
1725 1352 1817 1432 perte
1847 1367 1905 1413 uu.
1935 1346 1961 1412 f.

457 1439 591 1504 ibidem.
638 1438 761 1518 Nichil,
775 1444 838 1505 etc.

503 1576 551 1640 De
565 1578 670 1659 priore
686 1576 725 1639 de
742 1576 941 1660 Bullynglou
958 1597 1015 1659 pro
1031 1586 1107 1641 xxx'*
1128 1580 1220 1659 perte
1235 1576 1317 1639 dicti
1332 1576 1355 1639 f.
1371 1575 1503 1652 ibidem,
1521 1594 1619 1658 quam
1646 1574 1885 1659 predecessores
1914 1572 1964 1635 sui

460 1664 623 1747 quondam
637 1669 823 1729 tenuerunt.
868 1664 989 1744 Nichil,
1007 1670 1070 1729 etc.

505 1800 554 1866 De
583 1802 715 1867 domiue
737 1803 867 1868 ducisse
892 1803 1028 1867 Eboraci
1055 1802 1183 1885 prodi.
1209 1803 1233 1868 f.
1261 1822 1305 1868 m.
1332 1803 1367 1865 in
1393 1802 1582 1881 Fecusses,
1613 1802 1777 1886 quondam
1807 1798 1966 1864 Johannis

462 1890 661 1975 Wyllughby
746 1926 1671 1943 ----------
1760 1888 1843 1975 iij.s.
1861 1885 1965 1972 iiijd.

506 2045 556 2109 De
580 2044 729 2112 Johenue
753 2045 883 2131 Dymok
913 2068 970 2130 pro
999 2046 1052 2132 iij*
1084 2012 1175 2130 parte
1206 2065 1263 2111 un.
1288 2046 1312 2111 f.
1340 2045 1475 2124 ibidem,
1504 2046 1666 2129 quondam
1696 2045 1778 2108 diesi
1808 2042 1967 2107 Joheuuis

465 2132 665 2218 Wyllughby
776 2174 788 2187 -
878 2176 888 2186 -
979 2175 990 2185 -
1080 2175 1091 2185 -
1182 2175 1192 2185 -
1284 2174 1294 2185 -
1385 2174 1395 2185 -
1587 2174 1598 2185 -
1687 2129 1968 2219 ij.e.ij.d.ob.q⁴¹

510 2285 558 2350 De
571 2285 687 2351 abbate
704 2286 744 2348 de
759 2283 963 2369 Kyrkestede
979 2303 1036 2367 pro
1051 2290 1085 2349 x⁸
1105 2287 1197 2367 parle
1213 2284 1295 2348 dicti
1310 2284 1334 2351 f.
1350 2305 1449 2368 quam
1465 2285 1701 2369 predecessores
1728 2285 1779 2347 sui
1805 2283 1969 2367 quondum

465 2377 654 2439 tenuerunt».
700 2373 730 2435 N
733 2372 824 2451 ichil,
839 2374 916 2456 quia
931 2377 1043 2435 contra
1058 2375 1122 2436 elo.

510 2509 559 2573 De
574 2509 724 2587 Isabella,
741 2508 855 2572 relicta
869 2506 1029 2571 Johenuis
1043 2508 1084 2570 de
1100 2504 1253 2591 Teuelby',
1270 2529 1327 2591 pro
1342 2504 1419 2593 iiiii*
1441 2514 1534 2592 perte
1548 2530 1604 2572 uu.
1620 2508 1643 2573 f.
1660 2509 1696 2571 iu
1712 2509 1857 2586 Teucer),
1870 2526 1970 2589 quam

466 2596 570 2659 Alicio
586 2595 826 2681 Benyngworlh
842 2595 1004 2681 quondam
1020 2596 1127 2658 tenuit
1168 2635 1788 2647 -------
1876 2590 1969 2658 rud.

512 2749 561 2810 De
583 2747 772 2811 tenentibus
799 2752 954 2811 terrarum
980 2749 1144 2830 quondam
1169 2750 1300 2811 comitis
1323 2747 1362 2810 de
1388 2748 1499 2831 Augus
1523 2768 1580 2831 pro
1603 2746 1673 2830 xvj*
1695 2752 1786 2830 pcrbe
1810 2766 1866 2813 uu.
1894 2744 1919 2810 f.
1935 2744 1972 2807 iu

469 2838 657 2915 Lsuuuuou,
674 2856 773 2919 quem
789 2834 961 2918 Philippus
976 2836 1017 2898 de
1032 2834 1140 2919 Kyme
1154 2835 1318 2919 quondam
1333 2836 1453 2900 tenuit.
1498 2834 1621 2913 Nichil,
1636 2842 1699 2900 etc.

514 2990 561 3053 De
584 2989 775 3054 tenentibus
799 2994 959 3052 terrarum
983 2988 1145 3073 quondam
1172 2986 1325 3073 Hugouis
1340 2988 1379 3052 de
1395 2987 1570 3074 Kelelesby
1586 3009 1644 3072 pro
1660 2997 1694 3055 x⁵
1715 2985 1918 3072 pertenui.
1936 2988 1972 3049 iu

471 3078 657 3145 Berisum.
703 3076 825 3156 Nichil,
841 3082 902 3142 etc.

513 3229 562 3292 De
577 3228 708 3291 domino
722 3227 764 3292 de
779 3227 886 3310 Kyme
902 3247 959 3310 pro
975 3226 1027 3313 iij·
1048 3234 1138 3309 parte
1155 3225 1255 3288 trium
1271 3227 1417 3309 parcium
1432 3248 1487 3293 uo.
1505 3225 1528 3294 f.
1545 3229 1580 3291 iu
1607 3228 1807 3294 Frusuuuur
1822 3232 1857 3291 et
1883 3227 1974 3307 olibi,

470 3336 550 3400 quus
564 3320 629 3380 tres
644 3322 754 3400 perles
768 3313 946 3377 Nicholaus
961 3314 1001 3378 de
1018 3312 1193 3397 Cantilupo
1208 3314 1373 3397 quondam
1388 3316 1500 3378 tenuit
1577 3354 1589 3368 -
1679 3356 1690 3366 ·
1782 3356 1792 3366 -
1881 3312 1975 3381 sud.

515 3468 565 3533 De
578 3469 685 3553 priore
700 3467 820 3532 Sancte
837 3467 993 3532 Keterine
1008 3488 1066 3553 pro
1082 3464 1158 3556 iiij²⁶
1178 3472 1271 3552 perte
1287 3488 1343 3534 uu.
1359 3468 1382 3534 f.
1406 3468 1442 3531 iu
1464 3468 1589 3548 eedem,
1614 3488 1712 3553 quem
1739 3468 1978 3553 predecessores

472 3578 522 3711 {ip
533 3558 700 3710 puoudem
716 3562 902 3622 tenuerunt.
947 3556 1070 3634 Nichil,
1084 3559 1162 3641 quia
1177 3555 1368 3621 decimabile
1390 3553 1594 3643 [cancellcd].
1640 3558 1917 3640 Superouerautur
1936 3557 1977 3620 de

518 3782 567 3846 De
591 3783 781 3846 tenentibus
804 3787 964 3846 terrarum
990 3783 1154 3866 quondam
1180 3781 1341 3846 Johauuie
1366 3781 1451 3866 Orby
1476 3801 1534 3864 pro
1558 3781 1607 3866 iij.
1633 3781 1780 3864 partibus
1807 3801 1863 3846 un.
1892 3781 1915 3843 f.
1944 3781 1979 3843 iu

474 3871 686 3949 Fursuuuur,
702 3871 924 3948 erusuuru,
940 3873 975 3934 et
989 3870 1080 3948 alibi,
1095 3891 1159 3933 uon
1174 3869 1384 3953 respondent,
1401 3889 1439 3932 eo
1454 3869 1540 3951 quod
1557 3874 1707 3931 tenentes
1722 3869 1924 3952 ignorantur,
1942 3888 1980 3930 ec

475 3979 533 4042 pro
555 3978 594 4021 eo
619 3957 706 4042 quod
729 3958 829 4022 iidem
853 3957 1037 4021 collectores
1065 3962 1127 4023 ebo.
1151 3954 1354 4044 [calceelledl
1401 3955 1584 4020 Oneruulur
1610 3976 1706 4039 super
1729 3962 1916 4039 compotum
1939 3955 1980 4018 de

480 4067 545 4110 ue.

520 4180 588 4245 Nec
601 4180 794 4265 respondent
811 4182 851 4245 de
865 4181 976 4265 aliquo
991 4179 1179 4266 hujusmodi
1196 4182 1339 4245 subsidio
1355 4182 1391 4266 ij.
1410 4183 1432 4247 f.
1448 4186 1483 4245 et
1497 4182 1542 4245 di.
1558 4182 1598 4245 de
1613 4182 1681 4245 illis
1695 4182 1744 4268 iij.
1761 4182 1785 4246 f.
1807 4188 1842 4245 et
1857 4181 1902 4246 di.
1918 4202 1983 4265 que

476 4289 584 4333 comes
609 4269 650 4332 de
674 4269 784 4352 Angos
808 4269 971 4352 quondam
997 4270 1106 4332 lenuit
1129 4271 1165 4332 in
1192 4270 1352 4349 Oluouur,
1379 4270 1504 4346 Swmr,
1520 4269 1704 4350 Ouiruoer,
1722 4270 1984 4347 Mouuuuruosu

478 4358 733 4434 unscmmonc,
763 4362 797 4418 et
826 4356 916 4434 alibi,
945 4376 984 4418 eo
1013 4357 1100 4438 quod
1129 4377 1194 4419 non
1223 4357 1349 4420 audent
1379 4366 1510 4440 propter
1547 4363 1672 4421 metum
1709 4358 1825 4422 mortis
1854 4357 1985 4441 aliquod

479 4443 659 4507 subsidium
683 4443 723 4507 de
747 4443 901 4526 predictis
927 4443 964 4528 ij.
980 4443 1004 4509 f.
1021 4449 1055 4507 et
1081 4443 1126 4509 di.
1154 4444 1274 4520 levare,
1298 4451 1336 4506 ul
1362 4446 1478 4507 dicunt
1502 4465 1600 4527 super
1622 4450 1860 4509 sacromentum
1887 4464 1984 4508 suum

485 4528 690 4618 [cancellcd].
737 4529 924 4594 Onerculur
939 4551 1034 4614 super
1049 4538 1237 4614 compotum
1254 4533 1295 4595 de
1309 4532 1409 4614 xvj.e.
1427 4529 1538 4616 viij.d.

524 4685 593 4749 Nec
605 4685 800 4768 respondent
814 4685 854 4748 de
870 4685 978 4769 aliquo
994 4684 1183 4771 hujusmodi
1198 4687 1343 4751 subsidio
1357 4687 1398 4752 de
1413 4688 1537 4752 Thomu
1551 4688 1625 4751 Fitz
1640 4687 1789 4752 Williem
1812 4708 1870 4772 pro
1889 4709 1945 4754 un.
1962 4689 1987 4756 f.

481 4773 643 4836 dictorum
658 4772 707 4857 iij.
723 4772 747 4837 f.
764 4778 799 4835 et
813 4775 858 4838 di.
875 4775 911 4835 iu
928 4773 1189 4852 Mluuuuruom’,
1203 4795 1242 4838 eo
1257 4775 1344 4860 quod
1359 4775 1600 4859 superaddatur
1615 4797 1688 4838 cum
1716 4797 1800 4861 aqua
1826 4777 1926 4839 maris
1948 4797 1988 4840 ec

481 4881 539 4962 ppo
565 4859 715 5009 eoupppd
738 4860 839 4924 iidem
865 4861 1053 4924 collectores
1077 4867 1141 4931 etc.
1165 4859 1369 4948 [ccccccllcd]
1417 4863 1601 4927 Ouerenlur
1623 4884 1719 4946 super
1742 4869 1931 4947 compotum
1947 4865 1988 4927 de

486 4969 564 5033 vJ.e.
581 4968 651 5030 vuJ.
686 4997 693 5011 .

528 5088 577 5149 De
604 5086 720 5150 ebbste
745 5086 784 5149 de
810 5085 977 5170 Berdeuey
1001 5107 1059 5169 pro
1083 5109 1139 5153 uu.
1157 5089 1180 5153 f.
1198 5090 1231 5150 in
1258 5089 1411 5171 predictis
1439 5089 1537 5166 villis,
1563 5091 1650 5172 quod
1676 5091 1911 5172 predecessores
1939 5094 1991 5155 sui

484 5179 648 5346 pppndvuirlp
663 5179 860 5324 genuerunt.
905 5172 1028 5254 Nichil,
1056 5178 1133 5258 quia
1161 5176 1355 5239 decimabile
1392 5173 1596 5262 [caucellcdl
1643 5177 1922 5260 Superonerentur
1951 5179 1990 5242 de

530 5397 579 5462 De
593 5398 725 5461 domiue
740 5398 780 5462 de
794 5398 907 5483 Swaby
923 5420 980 5482 pro
995 5399 1044 5486 iij.
1062 5400 1209 5483 partibus
1226 5421 1282 5464 uu.
1299 5399 1322 5464 f.
1339 5421 1383 5464 m.
1401 5401 1436 5463 in
1465 5402 1591 5481 Sucro,
1608 5402 1991 5483 Tuuuuuuu‚B1uuueur,

487 5495 521 5551 et
534 5486 623 5567 alibi,
639 5507 718 5569 ques
734 5486 898 5550 Johauues
913 5489 953 5550 de
969 5485 1125 5552 Coventre
1140 5489 1304 5572 quondam
1320 5490 1429 5552 tenuit
1521 5527 1533 5540 ·
1623 5530 1634 5540 -
1724 5529 1736 5541 ·
1826 5530 1837 5542 ·
1925 5511 1991 5558 ιε.

533 5609 582 5702 De
608 5638 711 5720 priore
735 5636 775 5699 de
802 5636 1004 5722 Bullyngtou
1031 5660 1087 5722 pro
1102 5637 1152 5723 iij.
1169 5640 1319 5721 partibus
1333 5661 1389 5705 uu.
1404 5642 1428 5706 f.
1445 5642 1479 5704 iu
1496 5642 1674 5718 Emissos,
1690 5642 1836 5720 Horosr,
1853 5647 1887 5705 et
1902 5642 1994 5723 alibi,

489 5734 568 5809 quus
582 5724 765 5793 Willelmus
780 5723 908 5788 Beveut
922 5725 1088 5808 quondum
1104 5729 1223 5793 teuuil.
1269 5725 1381 5791 Nichil
1408 5728 1472 5808 bic,
1499 5749 1536 5792 eo
1561 5729 1648 5813 quod
1672 5729 1779 5793 dictus
1804 5729 1890 5813 prior
1913 5731 1996 5794 dicit

490 5811 575 5895 quod
604 5811 701 5876 solvit
732 5820 777 5876 x⁸⁸
809 5832 866 5895 pro
892 5812 1029 5893 eisdem,
1055 5814 1184 5897 quaudo
1213 5816 1284 5898 regi
1312 5817 1545 5894 conceduntur,
1570 5837 1608 5879 cc
1630 5836 1688 5899 pro
1711 5837 1750 5880 eo
1779 5817 1864 5900 quod
1893 5818 1996 5882 iidem

490 5899 675 5964 collectores
692 5903 756 5966 ele.
780 5897 985 5993 [cancelledl
1033 5899 1214 5968 Onerentur
1229 5922 1325 5992 super
1339 5907 1526 5990 compotum
1542 5903 1583 5966 de
1596 5924 1627 5968 v.
1635 5924 1661 5969 s.
