5000 7050
1137 1065 1341 1135 ibn-1846.
1921 1061 1983 1126 517

527 1341 620 1412 Idem
645 1349 732 1434 prior
755 1351 797 1416 de
821 1351 1002 1418 Castelacre
1028 1358 1118 1420 tenet
1141 1359 1334 1421 tenemento
1358 1374 1416 1419 sua
1437 1356 1473 1417 in
1498 1349 1664 1420 Bnauasa
1679 1351 1720 1415 de
1733 1355 1819 1416 terra
1833 1339 1983 1412 Elveredi

484 1432 618 1520 Kuycht
631 1458 690 1522 per
704 1440 876 1506 servicium
891 1443 989 1506 unius
1002 1443 1158 1526 quarterii
1174 1443 1198 1508 i.
1215 1463 1259 1508 m.
1274 1445 1310 1507 in
1323 1462 1438 1528 puram
1454 1447 1489 1507 et
1503 1448 1693 1539 perpetuam
1708 1437 1918 1503 elemosinam

1917 1542 1948 1588 x.
1956 1542 1982 1587 r.

525 1658 716 1726 Edmundus
745 1665 786 1728 de
817 1663 928 1750 Thorp
952 1671 1046 1732 tenet
1070 1668 1105 1732 in
1129 1669 1278 1736 Conmn
1307 1668 1332 1754 j.
1356 1668 1380 1733 f.
1405 1688 1450 1732 m.
1476 1666 1517 1730 de
1541 1667 1692 1750 episcopo
1721 1661 1871 1740 Norwici,
1898 1658 1983 1742 quod

482 1744 639 1812 Ricardus
654 1749 695 1814 de
710 1750 743 1814 la
757 1751 880 1818 Rokele
894 1755 1058 1839 quondam
1074 1757 1184 1821 tenuit
1299 1795 1310 1808 -
1401 1795 1412 1830 e
1501 1794 1513 1805 ·
1602 1793 1614 1804 ·
1704 1791 1715 1804 ·
1805 1788 1816 1802 ·
1903 1745 1982 1811 ΧΗ·

526 1883 688 1951 Johannes
715 1889 755 1953 de
781 1889 915 1956 Brelrles
939 1897 1031 1957 tenet
1056 1895 1091 1958 in
1117 1893 1286 1960 Bsurvnasr
1310 1892 1474 1977 quoddam
1500 1896 1726 1956 tenementum
1740 1908 1796 1974 per
1809 1885 1982 1952 servicium

481 1972 578 2035 unius
592 1977 749 2058 quarterii
763 1975 788 2042 f.
804 1998 838 2041 m
842 2013 1827 2044 -----------
1916 1993 1980 2038 ns.

525 2107 690 2176 Johannes
705 2113 787 2178 Bule
804 2120 895 2180 tenet
921 2120 1110 2181 tenementa
1136 2139 1194 2182 sua
1215 2121 1250 2181 in
1275 2119 1383 2184 Psavs
1411 2117 1582 2186 Summus
1607 2136 1662 2200 per
1688 2113 1863 2180 servicium
1886 2112 1983 2176 unius

481 2200 637 2279 quarterii
653 2198 677 2264 f.
693 2221 737 2266 m.
752 2202 792 2267 de
807 2203 952 2268 manerio
966 2205 1007 2269 de
1022 2205 1169 2292 Riburgh
1185 2205 1308 2291 Magna
1411 2241 1826 2256 -----
1916 2219 1981 2265 xc.

525 2335 689 2402 Walterus
714 2338 756 2402 de
779 2341 925 2409 Wulcote
951 2346 1043 2408 tenet
1069 2347 1260 2408 tenemento
1285 2363 1342 2407 sua
1363 2344 1398 2408 in
1421 2342 1530 2407 Psava
1547 2341 1725 2409 Susarucu
1738 2359 1796 2423 per
1811 2337 1983 2402 servicium

481 2423 748 2506 uniusqrmrterii
764 2426 787 2493 f.
804 2449 849 2495 m.
865 2429 907 2494 de
921 2431 1067 2496 manerio
1081 2431 1122 2494 de
1136 2429 1288 2517 Riburgh
1303 2429 1492 2514 supradicto
1613 2467 1624 2479 -
1715 2465 1726 2478 -
1816 2465 1827 2476 -
1916 2443 1981 2491 ns.

483 2646 495 2732 i
524 2559 660 2712 ἓιιῐιέιωα
686 2562 840 2652 ων].ἰὶ.
866 2586 933 2634 v.s.
979 2567 1061 2632 Inde
1085 2567 1126 2633 de
1150 2569 1348 2632 incremento
1372 2587 1457 2634 xxa·
1486 2586 1545 2651 pro
1569 2564 1660 2651 xviij.
1687 2564 1710 2627 f.
1734 2567 1771 2628 et
1796 2561 1871 2649 viij·
1890 2567 1982 2646 parte

953 2979 1174 3047 Huunsanuu
1196 2999 1240 3046 nn
1263 2977 1502 3048 GALHOWE.

523 3153 544 3218 J
546 3157 851 3225 niati—Johannes
866 3161 908 3225 dc
923 3163 1179 3249 Hindringham‚
1193 3162 1334 3228 'ihomas
1360 3163 1447 3227 filius
1472 3161 1606 3229 Ricardi
1626 3160 1785 3245 Aylward,
1799 3155 1981 3224 Willelmus

381 3263 385 3268 ·
480 3239 679 3323 Rycheman‚
708 3245 846 3312 Jacobus
876 3250 989 3333 large,
1020 3251 1217 3315 laurencius
1245 3251 1345 3331 Mast,
1375 3251 1533 3316 Ricardus
1563 3247 1786 3334 Bsggethorp,
1814 3245 1980 3311 Johannes

481 3326 578 3408 Bous,
594 3331 775 3399 Willelmus
798 3335 921 3414 Hunte,
946 3336 1113 3402 Johannes
1133 3339 1175 3402 de
1197 3338 1403 3423 Scytertone,
1425 3337 1611 3405 Willelmus
1636 3335 1781 3418 Aylmer‚
1797 3335 1981 3403 Willelmus

482 3416 602 3500 anllie
618 3426 653 3483 et
667 3419 843 3488 Nicholaus
858 3423 945 3489 filins
960 3424 1130 3509 Stephani,
1145 3427 1202 3510 qui
1218 3427 1334 3490 dicunt
1349 3445 1408 3508 per
1423 3430 1662 3488 sacramentum
1677 3443 1774 3486 suum
1788 3423 1873 3506 quod
1884 3445 1936 3486 :—

524 3606 669 3690 cherus
694 3610 839 3676 Bretcun
864 3620 898 3678 et
925 3614 1030 3677 Alicia
1054 3634 1135 3678 uxor
1160 3614 1241 3699 ejus,
1265 3611 1430 3678 Johannes
1454 3614 1588 3691 Veutre,
1616 3610 1755 3677 Matilda
1781 3610 1931 3695 Beynald
1945 3616 1981 3674 et

480 3691 644 3760 Johannes
666 3697 754 3763 tilius
777 3701 859 3786 ejus,
873 3701 1060 3770 Willelmus
1086 3702 1128 3765 de
1153 3701 1306 3784 Galthorp
1330 3708 1364 3766 et
1387 3702 1475 3784 prior
1500 3701 1541 3764 de
1568 3696 1799 3783 Walsyngham
1813 3703 1929 3761 tenent
1942 3697 1979 3760 in

480 3780 649 3849 Banunarr
670 3789 860 3852 tenementa
880 3808 939 3851 sna
960 3809 1035 3852 cnm
1057 3790 1254 3853 tenementis
1269 3788 1334 3852 auis
1349 3788 1383 3851 in
1401 3787 1486 3851 villis
1499 3792 1541 3850 de
1557 3787 1737 3863 Hebrum,
1751 3785 1929 3861 Wrcurcu,
1945 3790 1980 3848 et

480 3867 634 3936 Wasnan
649 3873 685 3935 in
700 3875 866 3938 hundredo
881 3877 921 3939 de
935 3874 1041 3940 North
1058 3875 1255 3940 Grenehovve
1277 3876 1315 3940 de
1337 3874 1508 3939 heredibus
1531 3873 1666 3938 Roberti
1681 3872 1722 3936 de
1737 3870 1911 3936 Tateshsle
1936 3871 1978 3936 de

479 3954 571 4020 feodo
585 3957 771 4024 Arundeltie
786 3981 844 4046 pro
858 3961 907 4048 iij.
923 3961 947 4028 f.
963 3984 1009 4029 m.
1026 3969 1061 4027 et
1075 3963 1176 4027 iidem
1191 3963 1323 4029 heredes
1348 3962 1388 4027 de
1418 3962 1552 4027 domino
1576 3980 1665 4045 rege,
1687 3979 1751 4044 que
1773 3959 1912 4023 Thomas
1937 3959 1978 4021 de

482 4040 656 4126 Suytertcn
671 4052 706 4111 et
718 4050 896 4133 percenarii
911 4052 962 4114 sni
976 4050 1140 4135 quondam
1154 4062 1332 4115 tenuerunt
1386 4086 1397 4103 ·
1457 4084 1499 4122 ,-
1588 4086 1598 4099 -
1689 4086 1700 4099 -
1790 4084 1801 4098 -
1889 4044 1976 4131 vjb‘.

522 4181 707 4250 Wilielmus
721 4185 762 4250 de
777 4183 943 4271 Oalthorp,
956 4187 1061 4270 miles,
1079 4192 1170 4253 tenet
1184 4189 1220 4252 in
1236 4189 1405 4255 Bnurvsau
1421 4186 1457 4272 ij.
1472 4186 1496 4251 f.
1512 4206 1557 4250 m.
1570 4185 1609 4249 de
1624 4183 1744 4247 comite
1752 4182 1934 4263 warennis,
1944 4188 1980 4249 et

479 4290 585 4335 comes
598 4270 639 4335 de
654 4293 742 4359 rege,
758 4294 822 4358 que
837 4273 999 4343 Walterus
1014 4275 1054 4341 de
1069 4274 1223 4361 Caltborp
1236 4276 1400 4361 quondam
1414 4274 1524 4339 tenuit
1570 4312 1581 4323 -
1671 4310 1681 4323 ·
1772 4310 1783 4322 ·
1872 4271 1977 4356 nudi

523 4406 614 4471 Idem
629 4408 814 4477 Willelmus
828 4410 869 4475 de
884 4409 1039 4495 Galtborp
1054 4417 1146 4476 tenet
1159 4414 1195 4475 in
1209 4414 1379 4478 Beuum
1395 4412 1440 4476 di.
1457 4410 1481 4476 f.
1496 4430 1541 4474 m.
1555 4408 1595 4472 de
1610 4413 1800 4472 tenemento
1813 4408 1977 4491 quondam

479 4494 614 4560 Roberti
629 4497 739 4564 Orove
753 4498 794 4561 de
814 4498 995 4564 hereditate
1016 4499 1129 4585 Vyrly,
1143 4506 1177 4563 et
1198 4501 1287 4563 idem
1313 4501 1354 4563 de
1377 4498 1497 4562 honore
1512 4496 1708 4579 Wirmegey,
1735 4500 1770 4559 et
1797 4497 1884 4559 idem
1911 4494 1974 4575 (de)

478 4584 790 4736 metiebar-eunies
804 4590 840 4650 et
853 4606 961 4724 comes
975 4586 1017 4725 de
1031 4607 1118 4725 reg-e,
1127 4606 1192 4727 que
1206 4587 1368 4725 Robertus
1383 4585 1495 4725 drove
1506 4591 1541 4647 et
1556 4582 1732 4721 percenarii
1747 4582 1801 4721 sui
1811 4582 1976 4737 quonxdargn

521 4785 715 4893 Radulphus
729 4809 770 4873 de
783 4809 987 4876 Hemenhale
1010 4817 1102 4876 tenet
1127 4811 1161 4875 in
1188 4814 1358 4878 Bsurvnsu
1386 4810 1515 4879 Somou
1541 4808 1587 4873 di.
1614 4810 1638 4874 f.
1666 4827 1710 4873 m.
1738 4807 1778 4871 dc
1802 4804 1976 4871 heredibus

477 4894 613 4964 Walteri
640 4896 682 4960 de
705 4898 939 4979 Grauntcourt,
964 4906 999 4964 et
1021 4900 1123 4963 iidem
1144 4899 1279 4963 heredes
1293 4898 1334 4963 de
1350 4897 1516 4966 Willelmo
1530 4896 1571 4959 de
1587 4893 1754 4979 Catthorp,
1771 4899 1807 4957 et
1821 4895 1921 4959 iidem
1936 4896 1977 4960 de

477 4983 598 5047 comite
612 4984 798 5063 Warennie,
812 4989 847 5049 et
861 5006 968 5050 comes
982 4986 1022 5050 de
1036 5007 1111 5071 rege
1180 5018 1799 5037 ·······
1888 5002 1974 5048 xus.

521 5118 684 5185 Johannes
697 5121 738 5185 de
753 5119 874 5186 Arcbes
889 5128 924 5186 et
937 5124 1047 5207 Agnes
1060 5142 1142 5186 naor
1164 5121 1235 5207 ejus
1257 5126 1290 5185 et
1317 5120 1479 5184 Henricus
1503 5120 1583 5183 Neel
1609 5122 1722 5182 tenent
1747 5118 1783 5181 in
1807 5117 1976 5185 Beuum

478 5206 609 5359 affin
632 5208 678 5273 di.
694 5208 718 5274 f.
736 5229 780 5273 m.
807 5210 849 5273 de
871 5209 967 5273 feodo
992 5210 1190 5288 Arundellie,
1214 5208 1301 5293 quod
1326 5207 1485 5274 Ricardus
1510 5206 1551 5270 de
1565 5204 1797 5290 Walsyngham
1813 5205 1975 5359 quondam

519 5431 612 5497 Prior
626 5434 667 5497 de
682 5432 916 5519 Walsyngham
931 5436 1071 5499 tenetis
1086 5436 1254 5501 Bauunau
1272 5440 1335 5497 tres
1351 5437 1457 5515 partes
1471 5432 1496 5516 j.
1509 5430 1532 5495 i.
1545 5452 1590 5495 m.
1602 5431 1643 5494 de
1658 5428 1829 5493 heredibus
1843 5430 1977 5495 Roberti

476 5520 537 5583 filii
574 5519 743 5601 Johannis,
772 5525 807 5584 et
834 5522 936 5585 iidem
964 5522 1006 5586 de
1034 5522 1161 5607 Rogero
1191 5522 1260 5584 filio
1288 5520 1392 5598 Petri,
1424 5524 1460 5583 et
1488 5520 1576 5583 idem
1606 5517 1752 5601 Bcgems
1780 5516 1820 5579 de
1857 5520 1977 5583 comite

476 5607 679 5687 Mnescallo‚
694 5612 730 5673 et
744 5626 851 5673 comes
865 5609 908 5672 de
923 5628 1000 5694 rege
1059 5640 1781 5660 --------
1869 5624 1973 5671 mc.

519 5744 618 5831 Hugo
642 5748 683 5810 de
709 5746 861 5825 Saxham,
885 5747 971 5812 Rosa
984 5767 1065 5811 uxor
1079 5745 1151 5830 ejus
1165 5749 1199 5808 et
1212 5743 1346 5809 Beatrix
1361 5743 1400 5807 de
1415 5742 1524 5827 ‘thorp
1540 5746 1656 5807 tenent
1671 5740 1708 5827 ij.
1724 5740 1748 5805 f.
1765 5743 1801 5802 et
1816 5738 1861 5806 di.
1878 5761 1923 5807 m.
1938 5743 1974 5806 in

474 5830 777 6001 dddddagfflmde
791 5836 912 5975 comite
926 5832 1127 5974 Marescello,
1152 5837 1188 5897 et
1201 5852 1319 5971 ‘comes
1344 5831 1384 5896 de
1404 5850 1491 5969 rege,
1505 5849 1577 5969 ’que
1603 5828 1748 5967 tiegerus
1771 5826 1858 5966 filius
1882 5828 1975 5983 Petri
