5000 7050
1137 1048 1221 1113 AJ).
1248 1050 1344 1113 1308.
1919 1036 1981 1105 167

523 1336 572 1399 Da
593 1337 691 1402 Petro
714 1339 754 1403 de
776 1339 966 1423 Laykebom
995 1344 1050 1420 (et)
1068 1339 1210 1403 Robarto
1223 1340 1265 1403 de
1281 1338 1443 1402 Kirkeion
1459 1335 1647 1401 tenentibus
1661 1353 1718 1398 un.
1734 1333 1758 1396 f.
1774 1333 1810 1395 in
1826 1332 1981 1397 Rolnam

480 1429 515 1486 ab
528 1424 661 1505 Huuan,
676 1426 762 1511 quod
778 1425 891 1491 Simon
906 1427 947 1490 de
962 1427 1126 1513 Roppeley
1144 1427 1309 1511 quondam
1326 1426 1444 1490 tenuit.

520 1536 728 1689 Dedssobilm
742 1540 782 1688 lle
798 1539 862 1604 Ros
876 1547 1011 1605 tanente
1026 1541 1071 1606 di.
1088 1542 1108 1603 f.
1128 1541 1163 1603 in
1180 1540 1403 1617 Humanam,
1418 1537 1504 1620 quod
1519 1534 1704 1600 Willelmuu
1730 1533 1818 1597 filius
1844 1530 1978 1595 Roborii

482 1644 568 1706 quon
592 1645 645 1687 am
695 1647 781 1691 nm.

525 1734 573 1800 De
589 1736 719 1803 Simone
734 1740 773 1802 de
790 1739 879 1803 Bona
889 1739 978 1804 Villa
994 1745 1129 1805 tenente
1144 1746 1265 1805 terram
1281 1759 1373 1803 anam
1388 1739 1423 1801 in
1433 1738 1678 1805 Wmnusnnona
1694 1734 1800 1797 dando
1815 1734 1860 1797 ix.
1868 1752 1894 1797 a.
1912 1752 1942 1796 v.
1950 1731 1984 1796 d.

481 1824 530 1889 ob.
550 1826 701 1908 (quando)
720 1828 906 1911 scutagium
920 1836 972 1891 aab
986 1829 1028 1892 ad
1043 1828 1086 1891 xl.
1093 1848 1120 1894 a.

526 1936 575 2000 De
602 1937 736 2003 Simone
760 1939 803 2003 de
827 1939 945 2005 Cawell
969 1945 1060 2005 tenet
1086 1945 1155 2022 (aie)
1182 1946 1303 2006 lenam
1329 1960 1422 2005 auam
1450 1940 1486 2002 in
1510 1939 1766 2015 Wmnnsnnonn,
1794 1939 1828 1998 et
1857 1932 1987 2019 qnando

483 2026 666 2110 scutagium
682 2033 732 2091 eet
747 2028 789 2091 ad
804 2029 883 2095 xla.
899 2029 969 2094 dat.

484 2138 577 2288 adlip
591 2137 613 2202 J
614 2137 742 2291 ogppne
756 2138 912 2205 Ohamela
925 2147 1020 2207 benet
1039 2144 1108 2222 (aie)
1126 2146 1248 2206 terram
1262 2160 1354 2205 auam
1369 2140 1505 2215 ibidem,
1520 2143 1554 2202 ab
1576 2135 1705 2223 qnando
1728 2134 1914 2218 suniaginm
1939 2138 1990 2197 aab

577 2247 620 2291 ‚a
695 2278 705 2293 .

527 2352 576 2416 De
606 2353 733 2439 Rogero
760 2355 801 2420 de
824 2354 975 2440 Oolevyle
998 2361 1132 2421 tenente
1155 2356 1181 2442 j.
1208 2306 1232 2421 i.
1260 2359 1397 2439 excepta
1419 2352 1509 2437 viijv·
1523 2357 1630 2438 parte,
1644 2350 1732 2434 quod
1756 2348 1919 2413 walterus
1946 2347 1987 2411 de

486 2438 624 2524 Coueley
642 2444 711 2522 (uie)
728 2443 892 2528 quondam
907 2445 1018 2509 tenuit
1032 2447 1067 2508 in
1083 2445 1235 2510 Anam.

487 2566 703 2719 Willpkprigel
714 2569 755 2631 de
763 2568 875 2718 lBelvir
888 2574 1023 2635 tenente
1037 2570 1219 2653 predictam
1231 2568 1330 2652 viij⁸¹¹¹
1345 2572 1473 2652 partem
1487 2566 1523 2631 in
1537 2566 1686 2651 prediola
1696 2564 1774 2629 villa
1787 2562 1829 2628 de
1843 2563 1991 2647 prediobo

595 2674 631 2717 ro
671 2675 761 2740 oevy
777 2677 806 2722 e.

532 2780 581 2844 De
605 2780 775 2866 liudulpho
801 2782 842 2846 de
868 2781 988 2846 Sancto
1011 2783 1155 2847 Vedaato
1177 2787 1313 2847 tenente
1340 2784 1410 2847 Μ
1425 2787 1553 2866 partem
1567 2784 1601 2845 et
1614 2780 1686 2843 ι]ιω
1702 2784 1827 2864 partem
1843 2798 1899 2842 nn.
1916 2776 1939 2841 f.
1956 2776 1991 2840 in

488 2868 707 2946 Ennomon,
721 2892 817 2954 quam
833 2870 1024 2955 Radnlphua
1040 2871 1081 2934 de
1096 2872 1215 2934 Sancto
1229 2870 1372 2935 vedasto
1387 2869 1552 2954 quondam
1567 2871 1689 2935 tenuit.

532 2996 582 3059 Da
610 2997 766 3080 magistro
794 2998 918 3061 milicie
946 2997 1078 3081 Templi
1107 3004 1240 3062 tenente
1270 2996 1371 3082 ffijam
1402 3002 1529 3082 partem
1559 3018 1615 3062 un.
1644 2996 1668 3061 f.
1698 3014 1798 3079 quam
1827 2992 1993 3077 prediatus

489 3082 681 3167 liudulphus
695 3086 731 3148 in
745 3083 844 3148 dictis
858 3085 945 3148 villia
958 3085 1123 3168 quondam
1139 3087 1259 3150 tenuit.

533 3209 582 3274 Da
610 3211 714 3293 priore
743 3209 862 3275 Sancte
893 3212 1049 3275 Katerine
1079 3218 1213 3277 tenente
1242 3221 1322 3278 nn·m
1349 3216 1478 3296 parbem
1500 3232 1557 3275 un.
1583 3211 1608 3277 f.
1636 3232 1681 3275 m.
1710 3229 1808 3294 quam
1831 3206 1995 3293 predictus

489 3296 682 3381 Radulphua
696 3299 731 3360 in
746 3298 845 3362 dictia
859 3300 947 3363 villis
961 3299 1126 3383 qnondam
1141 3300 1265 3366 tenuit.
1402 3330 1407 3339 ·

534 3424 582 3487 De
596 3425 755 3507 magist-ro
770 3425 892 3489 milicie
906 3426 1034 3510 Templi
1049 3432 1187 3491 tenente
1202 3427 1304 3513 ιιι]ωτι
1320 3430 1448 3511 partam
1462 3447 1518 3492 un.
1534 3425 1559 3492 f.
1575 3427 1610 3489 in
1627 3425 1739 3505 Monn,
1761 3444 1861 3509 qnam
1882 3421 1995 3487 Simon

491 3512 532 3577 de
548 3510 690 3596 Roppele
704 3514 866 3597 quondam
881 3516 1000 3580 lenuit.

536 3639 585 3704 Da
613 3640 739 3724 Rogero
764 3640 855 3705 west
879 3648 1015 3706 tenente
1037 3644 1189 3728 quintam
1213 3648 1343 3728 partem
1364 3663 1421 3709 nn.
1437 3644 1461 3708 f.
1478 3644 1513 3707 in
1536 3642 1703 3718 Torum,
1717 3660 1816 3726 quam
1831 3638 1995 3703 Walterua

492 3726 658 3792 Wildeker
672 3728 835 3812 quondam
850 3729 969 3795 tenuit.

537 3854 587 3918 De
609 3855 717 3938 priore
740 3854 781 3918 de
804 3854 960 3938 Ormeaby
983 3861 1119 3920 tenente
1141 3864 1198 3924 ιω
1216 3863 1342 3942 partem
1365 3878 1421 3923 nn.
1437 3857 1461 3924 i.
1477 3857 1512 3921 in
1528 3855 1695 3934 Tounann,
1710 3873 1810 3940 quam
1831 3853 1998 3937 predictus

495 3941 658 4006 Walter'ua
672 3942 838 4025 quondam
853 3944 974 4008 tenuit.

539 4067 588 4132 De
603 4070 748 4152 capitulo
763 4069 933 4134 Lincolnie
947 4075 1078 4135 tenente
1094 4071 1197 4157 iiijwfl
1212 4077 1339 4157 parbem
1354 4076 1390 4137 et
1405 4081 1485 4136 11⁸¹*
1503 4075 1629 4157 partem
1655 4089 1711 4134 nn.
1728 4070 1752 4136 f.
1768 4068 1803 4132 in
1828 4067 1995 4146 Touana,

496 4176 594 4239 qnam
610 4157 705 4220 Sarra
719 4155 856 4220 Baream
871 4158 1035 4242 quondam
1050 4162 1169 4226 tenuit.

539 4291 587 4356 De
601 4291 752 4357 Jobanne
768 4293 854 4357 Sibri
870 4300 1004 4358 tenente
1018 4297 1121 4379 ιιι]ιιιιι
1136 4303 1277 4380 partem,
1290 4297 1450 4380 ¹quintam
1473 4301 1611 4381 parbem,
1626 4301 1660 4359 eb
1675 4293 1760 4380 iiij¹¹
1773 4291 1854 4379 vjtun
1871 4297 1999 4378 pariam

498 4399 553 4445 un.
569 4379 594 4446 f.
610 4381 645 4444 in
661 4382 804 4459 (laoxan,
818 4401 916 4464 quam
934 4382 1097 4446 Walterua
1112 4384 1152 4447 de
1169 4384 1318 4448 Stratton
1335 4385 1500 4467 quondam
1517 4386 1635 4448 lenuit.

540 4517 589 4581 De
602 4517 720 4581 abbate
734 4519 775 4582 da
789 4518 890 4582 Pareo
905 4520 996 4583 Lude
1010 4527 1144 4585 tenente
1159 4520 1284 4605 xxvji⁸¹⁰
1300 4526 1428 4604 partam
1443 4541 1499 4586 uu.
1518 4520 1541 4583 f.
1556 4522 1592 4583 in
1620 4521 1766 4605 predicta
1788 4520 1876 4600 villa,
1901 4539 2000 4604 qnam

498 4606 662 4688 predictus
677 4605 837 4669 Walterua
851 4607 1018 4690 quondam
1034 4611 1152 4674 tenuit.

541 4731 589 4794 De
618 4731 783 4799 Willelmo
812 4731 853 4795 de
883 4731 997 4796 Gannl
1026 4717 1162 4799 benent'e
1192 4733 1292 4820 viij·m
1322 4739 1451 4818 partem
1483 4753 1541 4801 un.
1566 4734 1590 4800 f.
1620 4735 1656 4797 in
1686 4734 1856 4811 Bmaaom
1888 4731 1998 4816 (quod)

500 4815 684 4903 Stephanus
698 4819 740 4882 de
755 4818 869 4883 Gaunt
883 4821 1047 4903 quondam
1062 4823 1183 4886 tenuit.
1261 4863 1264 4868 -
1290 4879 1292 4884 ,

541 4947 592 5011 De
614 4945 731 5010 abbate
756 4945 798 5009 de
823 4946 923 5010 Pareo
946 4947 1038 5012 Lude
1062 4953 1199 5013 tanente
1223 4949 1324 5036 viij·m
1347 4955 1474 5032 partem
1499 4969 1555 5013 nn.
1579 4948 1603 5014 f.
1628 4947 1663 5011 in
1690 4947 1835 5032 prediola
1856 4946 1934 5010 villa
1956 4947 1998 5010 da

500 5030 669 5111 Buunmn,
683 5053 782 5116 quam
797 5033 885 5098 idem
900 5036 988 5118 prior
1001 5037 1165 5118 quondam
1181 5037 1299 5104 tenuit.

542 5161 590 5223 De
604 5161 762 5245 priorade
777 5158 906 5224 Sixhull
928 5166 1064 5228 tenente
1085 5163 1171 5246 xij⁸¹¹²
1186 5170 1316 5247 putem
1341 5183 1398 5228 un.
1415 5163 1438 5229 f.
1454 5163 1489 5226 in
1515 5163 1686 5242 Bmanou,
1712 5182 1811 5248 qnam
1835 5159 2000 5245 prediatus
2065 5157 2069 5166 “

503 5245 687 5331 Stephanus
700 5249 864 5331 quondam
878 5252 1001 5315 tenuit.

544 5375 594 5439 De
620 5375 745 5459 Rogero
770 5376 811 5439 de
835 5375 951 5440 Skoler
978 5380 1036 5456 (at)
1063 5374 1214 5441 Johanne
1242 5379 1284 5442 de
1312 5379 1382 5462 Rye
1397 5378 1590 5442 tenentibus
1604 5378 1695 5464 iiij⁸¹¹¹
1713 5381 1840 5461 panem
1855 5395 1911 5441 nn.
1927 5375 1950 5440 f.
1967 5377 2001 5441 in

503 5462 719 5544 Comum,
735 5484 834 5547 quam
849 5462 1044 5548 Radulphus
1059 5463 1147 5528 filiun
1162 5464 1304 5530 Galfridi
1319 5466 1360 5529 de
1374 5465 1565 5549 Normanby
1579 5463 1742 5550 quondam
1756 5465 1877 5528 tenuit.

545 5592 594 5656 De
609 5592 764 5678 magistro
780 5591 903 5655 milicie
917 5591 1044 5675 Templi
1058 5598 1193 5657 tenente
1207 5593 1312 5679 nuptm
1327 5597 1457 5677 partem
1472 5613 1529 5656 nn.
1546 5591 1570 5657 f.
1586 5591 1622 5655 in
1638 5591 1787 5677 prediola
1803 5590 1889 5669 villa,
1905 5607 2004 5672 quam

503 5679 666 5764 predictus
680 5677 873 5763 Radulpbua
886 5679 1052 5762 quondam
1067 5681 1191 5746 tenuit.

548 5806 729 5962 Dedpbnbaple
745 5807 792 5958 d‘et
799 5803 979 5890 Barlyngea
993 5812 1129 5870 tanente
1143 5806 1190 5872 di.
1209 5807 1231 5873 f.
1246 5807 1282 5871 in
1299 5806 1486 5884 Guananou,
1499 5805 1587 5890 quod
1603 5805 1767 5872 walterus
1782 5804 1822 5868 da
1838 5799 2007 5868 wildeker

506 5913 592 5985 quon
697 5913 776 5962 enm
794 5942 803 5960 .
