5000 7050
1117 1061 1201 1128 A.D.
1226 1063 1323 1128 1428.

961 1350 1161 1437 Dumnacus
1180 1349 1489 1419 THEFFORDIE.

515 1507 692 1592 Inquisicio
706 1515 801 1593 capta
815 1513 901 1593 apud
916 1510 1066 1575 Thefford
1081 1511 1135 1575 die
1151 1512 1245 1575 Lune
1259 1514 1407 1596 proxima
1422 1519 1499 1578 ante
1526 1515 1649 1577 festum
1675 1513 1786 1576 Sancti
1815 1513 1836 1575 J
1837 1513 1973 1575 ohannis

471 1595 620 1679 Baptista
644 1616 730 1660 anno
752 1600 846 1682 regni
870 1599 956 1681 regis
980 1599 1114 1662 Henrici
1141 1603 1225 1663 sexti
1249 1607 1340 1664 sexto
1366 1622 1473 1665 coram
1494 1601 1651 1664 Nicholao
1678 1600 1810 1682 Cameli,
1837 1598 1974 1662 Ricardo

472 1682 576 1747 Boure
590 1689 625 1747 et
638 1685 733 1747 sociis
748 1688 816 1749 suis
839 1686 1064 1750 collectoribus
1088 1690 1153 1754 etc.
1172 1692 1220 1766 (aa
1246 1689 1360 1772 bojore)
1389 1689 1507 1774 majori
1522 1688 1598 1752 ville
1623 1688 1806 1752 Theffordie
1829 1686 1974 1772 predicte

471 1772 693 1849 interessentes,
706 1793 765 1855 per
779 1781 1014 1837 sacramentum
1031 1772 1090 1840 to.

516 1959 589 2023 Non
605 1965 681 2023 sunt
696 1959 761 2022 nisi
775 1979 889 2023 novem
905 1960 1039 2024 ecclesie
1055 1962 1162 2026 viz.-

691 2046 803 2110 Sancti
817 2046 920 2110 Petri.

693 2134 804 2201 Sancti
823 2135 893 2212 (sic)
910 2132 1116 2200 Etheldrede.

692 2219 805 2283 Sancti
819 2220 1000 2287 Michaelis.

693 2307 808 2374 Sancti
824 2307 985 2377 Nicholai.

694 2396 807 2458 Sancti
821 2395 980 2459 Cutberti.

695 2483 809 2549 Sancti
824 2482 1002 2549 Edmundi.

692 2568 877 2635 Suarishill.

691 2656 802 2719 Sancti
818 2653 944 2739 Egidii.

692 2743 849 2807 Omnium
865 2742 1068 2808 Sanctorum.

514 2879 635 2960 Nichil‚
665 2881 743 2964 quia
768 2900 831 2943 non
856 2887 934 2944 sunt
967 2878 1079 2944 decem
1119 2878 1341 2944 inhabitantes
1376 2880 1544 2946 domicilia
1579 2885 1727 2946 tenentes
1753 2883 1788 2945 in
1817 2879 1976 2965 parochiis

473 2969 638 3055 predictis.
686 2969 723 3030 In
740 2967 833 3051 cujus
846 2969 894 3032 rei
910 2965 967 3032 hc.

951 3207 1147 3273 Dncsntaus
1169 3228 1213 3272 nn
1236 3206 1496 3273 BREKKELL.

515 3345 693 3431 Inquisicio
714 3349 811 3429 capta
832 3344 918 3429 apud
941 3343 1093 3408 Staniord
1115 3344 1170 3407 die
1197 3343 1313 3408 Martis
1327 3345 1475 3428 proxima
1490 3348 1567 3408 ante
1581 3343 1703 3408 festum
1720 3344 1846 3409 Natalis
1863 3344 1977 3412 Sancti

472 3432 629 3496 Johannis
646 3433 794 3516 Bapsiste
808 3453 893 3496 anno
903 3432 995 3516 regni
1010 3432 1094 3515 regis
1108 3431 1242 3495 Henrici
1258 3435 1340 3495 sexti
1363 3435 1454 3495 sexto
1490 3433 1526 3493 in
1551 3429 1719 3494 hundredo
1744 3429 1785 3494 de
1811 3430 1977 3514 Grymsew

472 3521 646 3585 comitatus
670 3518 838 3584 Norfolkie
862 3540 971 3583 coram
994 3517 1151 3584 Nicholao
1167 3517 1298 3597 (lasteli,
1313 3518 1479 3587 Willelmo
1501 3517 1643 3598 Walton,
1661 3517 1800 3583 Ricardo
1824 3519 1929 3584 Boura
1942 3526 1977 3584 et

473 3610 566 3672 sociis
580 3609 647 3671 suis
660 3607 882 3671 collectoribus
896 3608 955 3671 dc.
973 3609 1022 3687 (aa
1037 3607 1166 3690 before).

518 3766 560 3828 In
584 3764 675 3829 nulla
705 3762 857 3848 parochia
878 3763 966 3827 inira
990 3764 1188 3827 decanatum
1212 3762 1253 3826 de
1278 3760 1433 3825 Breklrell
1457 3763 1632 3826 comitatus
1655 3762 1795 3846 predicti
1826 3762 1978 3827 videlicet

473 3853 568 4027 ‹⁰1:¹13›ng
582 3854 629 4003 lli
645 3849 800 4003 ptrochia
813 3852 855 3916 de
878 3852 1080 3930 Octacuscu.
1090 3855 1168 3915 sunt
1183 3849 1295 3913 decem
1312 3848 1537 3914 inhabitantes
1552 3849 1717 3913 domicilia
1732 3854 1891 3915 tenentes.
1936 3850 1978 3970 In

920 4174 1118 4241 Dumnacus
1140 4194 1184 4239 nn
1207 4172 1529 4241 ROKKELONDE.

515 4314 693 4399 Inquisicio
717 4317 813 4397 capta
837 4311 926 4395 apud
950 4310 1104 4375 Staniord
1127 4311 1181 4376 die
1207 4310 1325 4375 Martis
1353 4312 1498 4394 proxima
1524 4316 1601 4374 ante
1632 4310 1751 4373 festum
1782 4311 1977 4375 Natiuitatis

473 4402 584 4467 Sancti
600 4399 759 4466 Johannis
784 4399 933 4484 Baptista
955 4417 1041 4463 anno
1065 4399 1158 4483 regni
1184 4400 1271 4483 regis
1294 4398 1430 4462 Henrici
1458 4400 1539 4461 sexti
1568 4403 1659 4461 sexto
1683 4399 1717 4460 in
1745 4397 1912 4462 hundredo
1936 4400 1976 4462 de

474 4489 651 4574 Waylonde
665 4488 841 4552 comitatus
854 4485 885 4550 N
887 4485 1024 4550 oriolkie
1049 4505 1158 4549 coram
1186 4484 1343 4550 Nicholao
1359 4486 1487 4566 (lasteli,
1504 4484 1667 4549 Willelmo
1681 4485 1824 4564 Walton,
1840 4486 1978 4551 Ricardo

474 4578 579 4642 Bonre
594 4580 630 4641 et
644 4576 739 4639 sociis
754 4576 820 4638 suis
836 4572 1062 4638 collectoribus
1076 4570 1134 4639 dac.
1154 4589 1202 4651 (aa
1216 4575 1344 4658 before).

514 4741 556 4804 In
584 4740 675 4803 nulla
704 4736 855 4819 parochia
886 4735 971 4799 inira
999 4735 1195 4799 decanatum
1225 4734 1416 4799 Rokkeloud
1446 4737 1623 4799 comitatus
1651 4735 1790 4819 predicti
1819 4736 1976 4800 videlicet

471 4830 507 4891 in
522 4826 683 4913 parochiis
693 4826 733 4890 de
748 4825 944 4893 Scammos
958 4823 1077 4891 Sancm
1087 4824 1241 4901 Aroma,
1251 4823 1471 4903 Gsarsrsonn,
1483 4824 1761 4901 Rnnnmswonrn,
1773 4830 1851 4887 sunt
1863 4824 1975 4887 decem

471 4916 687 4980 inhabitantes
701 4913 868 4977 domicilia
882 4916 1042 4975 tenentes.
1087 4912 1126 4976 In
1141 4911 1237 4997 cujus
1251 4909 1310 4977 dcc.

966 5150 1165 5218 Dumnacus
1186 5172 1231 5218 na
1255 5150 1484 5220 FYNGHAM.

515 5290 694 5376 Inquisicio
708 5294 805 5372 capta
818 5288 905 5372 apud
920 5288 1053 5353 Walton
1068 5290 1122 5353 die
1139 5288 1232 5354 Luna
1260 5293 1405 5374 proxima
1426 5294 1503 5355 ante
1529 5291 1653 5354 festum
1680 5289 1793 5355 Sancti
1817 5289 1977 5357 Johannis

472 5379 623 5464 Baptiste
636 5396 723 5442 anno
737 5376 831 5460 regni
845 5376 929 5459 regis
944 5374 1081 5439 Henrici
1097 5378 1182 5441 sexti
1196 5384 1286 5443 sexto
1309 5381 1344 5442 in
1367 5378 1536 5442 hundredo
1559 5378 1600 5442 de
1622 5376 1779 5462 Sropham
1801 5382 1977 5445 comitatus

471 5466 640 5531 Norfolkie
653 5460 931 5528 coram'Nicholao
947 5462 1078 5545 (lasteli,
1094 5464 1259 5530 Willelmo
1274 5465 1416 5545 Walton,
1438 5464 1575 5531 Ricardo
1601 5464 1706 5529 Boura
1729 5470 1765 5531 et
1791 5467 1885 5531 sociis
1909 5470 1976 5532 suis

473 5553 698 5620 collectoribus
712 5549 770 5616 dac.
790 5554 837 5631 (aa
853 5550 980 5633 bosora).

517 5718 560 5783 In
585 5716 676 5781 nulla
700 5710 852 5801 parochia
876 5712 962 5776 infra
984 5713 1180 5779 decanatum
1203 5715 1245 5779 de
1270 5714 1439 5802 Fyncham
1465 5716 1640 5781 comitatus
1665 5715 1803 5799 predicti
1825 5716 1977 5784 videlicet

472 5807 508 5871 in
544 5803 704 5891 parochiis
739 5803 796 5905 de·
810 5800 1025 5905 irroramur),
1061 5802 1204 5905 ΡοοτοκΞ
1233 5802 1453 5886 Βωενωω,
1494 5805 1715 5881 Sonnusmm,
1750 5809 1827 5868 sunt
1863 5804 1974 5873 decem

473 5894 697 5959 inhabitantes
707 5889 874 5956 domrorha
887 5894 1048 5956 tenentes.
1094 5889 1135 5953 In
1149 5911 1243 5978 culus
1258 5890 1316 5959 so.

541 6032 621 6086 roasa
1863 6028 1911 6091 ao
