5000 7050
522 1070 586 1132 522
1164 1065 1384 1134 NORFOLK.

563 1355 755 1420 Edmundus
783 1355 826 1420 de
855 1355 1002 1440 Geylone
1029 1360 1124 1420 tenet
1152 1357 1200 1424 di.
1225 1356 1247 1422 f.
1274 1378 1319 1422 m.
1346 1357 1382 1420 in
1407 1355 1544 1423 Gerros
1570 1356 1612 1418 de
1638 1355 1777 1421 Ricardo
1806 1355 1907 1434 Plaiz,
1937 1355 2024 1438 quod

521 1444 686 1507 Johannes
700 1445 742 1507 de
757 1443 905 1527 Geytone
920 1444 1083 1528 quondam
1097 1445 1208 1508 tenuit
1231 1481 1851 1496 -------
1938 1460 2024 1506 ιω.

563 1579 584 1644 J
586 1580 727 1644 ohannes
742 1582 782 1645 de
797 1580 927 1665 Geyton
943 1586 976 1646 el
992 1583 1049 1645 alii
1066 1587 1216 1646 tenentes
1231 1588 1391 1645 terrarum
1407 1581 1570 1666 quondam
1586 1583 1736 1668 Hugonis
1747 1582 1879 1645 rectoris
1892 1580 2024 1644 ecclesie

521 1669 562 1732 de
586 1669 731 1752 Bylneye
754 1673 871 1733 tenent
894 1675 1043 1752 quartam
1070 1674 1197 1752 parbem
1220 1667 1247 1753 j.
1265 1667 1288 1732 f.
1305 1690 1348 1733 m.
1376 1671 1411 1731 in
1435 1668 1593 1735 Gunuoun
1620 1669 1660 1733 de
1675 1669 1796 1733 honore
1811 1669 1851 1732 de
1868 1667 2022 1732 Hakenet

521 1757 606 1840 quod
623 1758 722 1840 Hugo
736 1761 841 1820 reotor
855 1756 990 1820 ecclesie
1015 1757 1057 1820 de
1083 1756 1228 1840 Bylneye
1252 1756 1417 1839 qnondam
1440 1757 1561 1822 tenuit.
1610 1757 1663 1836 (nt
1689 1776 1833 1842 proquo
1859 1755 2024 1820 Johannes

521 1845 562 1906 de
577 1843 706 1926 Geyton
723 1850 874 1909 oneratus
889 1845 953 1908 fuit
968 1844 1008 1908 de
1022 1843 1139 1907 relevio
1155 1864 1213 1907 suo
1227 1850 1379 1926 tempore
1392 1844 1480 1928 regis
1495 1843 1644 1908 Edwsrdi
1659 1843 1719 1906 filii
1735 1845 1819 1929 regis
1835 1844 1984 1921 Hemioi)

1549 1949 1557 1969 ·
1956 1949 2021 1996 ns.

522 2068 786 2224 fil·G⁸illri1lu⁵·de
802 2069 942 2155 Snoring
958 2075 1052 2133 teneb
1066 2075 1217 2154 quartum
1233 2076 1361 2152 partem
1375 2069 1400 2154 j.
1418 2070 1441 2134 f.
1459 2090 1503 2134 m.
1521 2070 1556 2132 in
1573 2070 1804 2136 Dnnsnuansu
1820 2070 1861 2133 de
1874 2068 2022 2152 Johanne

559 2177 591 2219 10
648 2177 664 2219 a
696 2177 744 2220 en
844 2193 1870 2209 ...........
1958 2175 2022 2221 m,

566 2296 666 2380 Hugo
680 2295 720 2358 de
735 2294 927 2360 Bukenham
944 2300 1038 2360 tenet
1051 2295 1097 2359 di.
1112 2294 1137 2360 f.
1152 2315 1197 2360 m.
1214 2296 1249 2358 in
1266 2295 1367 2364 Wnsn
1383 2295 1522 2361 Nnunou
1540 2295 1580 2359 de
1595 2295 1744 2359 Galirido
1758 2295 1799 2359 de
1813 2296 2002 2364 Warrennia

1935 2403 2021 2448 XM.

565 2520 681 2597 Alicio,
696 2540 758 2604 que
772 2520 837 2583 fuit
852 2540 933 2582 uxor
947 2518 1105 2584 iohannis
1120 2519 1240 2597 Benet,
1255 2523 1349 2582 tenes
1363 2519 1409 2587 di.
1425 2518 1449 2584 f.
1460 2540 1503 2584 m.
1516 2520 1551 2583 in
1567 2521 1680 2584 eadem
1695 2520 1737 2584 de
1752 2520 1865 2583 eodem
1876 2519 2024 2584 Gallrido

523 2607 564 2670 de
579 2606 760 2687 Warennia,
775 2607 860 2690 quod
874 2606 973 2693 Hugo
987 2608 1027 2671 de
1043 2607 1235 2670 Bukenham
1250 2607 1413 2690 quondam
1430 2608 1538 2671 lenuit
1634 2648 1645 2659 -
1736 2647 1746 2658 -
1838 2648 1849 2658 -
1938 2627 2022 2673 ιω.

567 2743 681 2807 Comes
710 2744 877 2825 Suffolkie‚
908 2745 1072 2809 Johannes
1102 2744 1233 2809 Bobeler
1263 2749 1296 2808 et
1327 2745 1486 2808 Roberlus
1513 2743 1646 2827 Ghappe
1671 2750 1786 2808 tenent
1812 2705 1846 2830 j..
1864 2747 1887 2809 f.
1914 2767 1958 2808 m.
1988 2747 2022 2807 in

523 2832 722 2896 Bseeruann
748 2837 783 2896 ei
809 2834 1018 2899 Wonrnsrou
1045 2837 1079 2896 ei
1108 2833 1349 2899 Ssunaruansu
1376 2833 1416 2896 de
1441 2831 1560 2896 herede
1587 2832 1722 2896 Roberti
1737 2832 1778 2896 de
1793 2831 1973 2912 Taleshale,
1990 2836 2024 2896 et

522 2919 610 2981 idem
625 2921 667 2982 de
681 2939 769 3005 rege,
783 2920 867 3002 quod
882 2920 903 2983 J
905 2917 1047 2983 ohannes
1061 2920 1103 2983 de
1118 2919 1290 2983 Tatesbale
1303 2926 1338 2982 et
1352 2919 1529 3003 peroenarii
1545 2921 1594 2984 sui
1610 2920 1772 3003 quondam
1788 2925 1977 3069 tenuerunxtl
1996 3029 2011 3071 8

567 3142 588 3205 J
590 3144 729 3206 ohannes
736 3142 889 3206 Armures
903 3142 944 3207 de
960 3142 1119 3228 Rysingg,
1129 3142 1288 3206 Roberlus
1303 3142 1439 3206 Berners
1451 3149 1485 3208 et
1496 3141 1659 3208 lohannes
1674 3143 1740 3208 001<
1753 3149 1864 3208 tenent
1874 3148 2024 3228 quartam

524 3238 649 3313 parbem
675 3231 699 3315 j.
715 3231 738 3294 f.
754 3252 798 3295 m.
826 3231 861 3292 in
877 3230 1004 3296 Gasnnn
1030 3230 1174 3296 Rranloo
1199 3230 1240 3293 de
1267 3230 1406 3294 Isabella
1430 3231 1544 3314 regina
1571 3231 1696 3314 anglie,
1720 3232 1806 3315 quod
1833 3230 2025 3314 Radulphus

524 3318 707 3400 Howardyn
723 3318 888 3400 quondam
903 3320 1012 3381 tenuit
1050 3357 1873 3370 ---------
1961 3341 2025 3386 ras.

566 3453 734 3518 Galfridus
747 3453 787 3518 de
803 3455 990 3519 Warrennia
1004 3457 1039 3518 et
1054 3455 1160 3518 Alioia
1175 3475 1255 3517 uxor
1270 3453 1340 3540 ejus
1356 3460 1473 3519 tenent
1486 3455 1511 3543 j.
1528 3454 1552 3521 f.
1571 3477 1613 3518 m.
1629 3457 1665 3520 in
1690 3455 1803 3524 Soura
1818 3457 1961 3524 Wosrou
1984 3457 2024 3519 de

524 3543 661 3606 isabella
675 3545 787 3629 regina
797 3544 925 3627 singlis,
936 3549 975 3607 ub
988 3544 1030 3607 de
1044 3543 1217 3607 heredibus
1231 3543 1370 3609 Roberii
1385 3542 1531 3623 Mobeni,
1543 3546 1627 3627 quod
1644 3545 1802 3609 Ricardus
1816 3545 1856 3608 de
1871 3545 2023 3611 Bulmere

524 3631 686 3713 quondam
702 3633 810 3694 tenuit
831 3670 1858 3683 -----------
1946 3632 2023 3698 xla.

567 3767 712 3831 Heredes
736 3768 867 3831 domine
890 3767 994 3831 Alieie
1017 3767 1164 3853 Rusbeyn
1179 3773 1213 3831 et
1228 3787 1341 3831 eorum
1355 3771 1504 3832 tenentes
1519 3772 1633 3831 tenent
1648 3768 1693 3833 di.
1710 3768 1734 3833 f.
1751 3788 1794 3831 m.
1811 3769 1845 3831 in
1862 3768 2023 3835 Coronen

523 3855 563 3918 de
578 3854 695 3918 herede
710 3854 843 3919 Roberti
857 3854 898 3919 de
911 3854 1084 3950 Tateshale
1129 3894 1849 3907 --------
1939 3877 2022 3921 xxa.

567 3993 728 4058 Roberbus
743 3990 885 4076 chappe,
901 3992 1019 4077 junior,
1036 3991 1236 4077 Reginaldus
1250 3991 1291 4056 de
1315 3991 1521 4056 Baldeswelle
1546 3997 1582 4056 eb
1607 3992 1664 4055 alii
1690 3997 1841 4058 tenentes
1867 4000 2024 4058 terrarum

523 4081 686 4182 quondarn
712 4078 872 4143 Johannis
897 4079 936 4142 de
958 4079 1126 4165 Congham
1147 4084 1265 4143 tenent
1284 4080 1364 4143 duas
1379 4085 1488 4182 parles
1503 4081 1527 4143 f.
1543 4100 1588 4145 m.
1604 4080 1639 4143 in
1656 4081 1818 4147 (lonensis
1833 4082 1872 4145 de
1886 4080 2024 4184 Hugone

525 4165 1839 4341 lrgllllhsszfilisslssfrhigllhhsffisslhlzlfflz‘lltl‘rrld
1861 4168 2024 4342 illd?

449 4364 455 4373 .
568 4392 712 4456 Heredes
735 4391 891 4458 Willelmi
916 4392 958 4455 de
984 4390 1110 4456 Blslrne
1135 4400 1169 4456 et
1194 4392 1252 4455 alii
1277 4391 1401 4457 feoffati
1417 4395 1530 4455 tenent
1547 4397 1696 4475 quarbam
1712 4399 1837 4477 partem
1852 4394 1877 4479 j.
1892 4393 1915 4457 f.
1931 4414 1974 4457 ιιι.
1990 4395 2021 4457 in

526 4483 687 4546 Ruunoun
702 4480 741 4543 de
756 4480 876 4543 eomite
891 4479 1091 4557 Arundellie,
1105 4480 1191 4563 quod
1205 4480 1370 4544 Robertus
1385 4480 1525 4563 Rypoun
1541 4478 1702 4579 quondam
1718 4482 1827 4545 benuib
1861 4522 1872 4533 -
1962 4504 2024 4547 na.

456 4627 462 4639 “
526 4617 731 4769 Alohianfles
745 4616 785 4681 de
800 4616 945 4695 Resides,
959 4616 1143 4685 Willelmus
1159 4617 1300 4702 (iosteyn
1315 4622 1430 4682 tenent
1441 4616 1468 4702 j.
1486 4616 1509 4683 f.
1527 4638 1571 4682 m.
1587 4618 1622 4680 in
1639 4616 1813 4685 Gmusrou
1840 4618 1882 4683 de
1906 4622 2024 4769 oorrrlite

555 4724 658 4769 mne
699 4726 717 4768 e
733 4744 1860 4759 ............
1948 4729 1969 4769 1
1984 4730 2022 4772 ,3,

568 4841 713 4905 Heredes
727 4840 748 4904 J
750 4837 886 4904 ohannis
902 4840 970 4905 Ode
984 4841 1026 4905 de
1041 4841 1133 4905 Lenn
1150 4847 1185 4905 eb
1200 4840 1336 4905 heredes
1351 4840 1484 4906 Roberbi
1500 4840 1614 4908 Cordel
1629 4841 1669 4904 de
1683 4839 1849 4906 Grimslon
1866 4849 2025 4908 eteorum

524 4935 674 4995 tenentes
689 4935 805 4993 tenent
818 4929 853 4991 in
869 4929 1066 4997 Gnrnsroun
1081 4935 1116 4993 et
1131 4931 1295 4997 Coronen
1309 4928 1354 4992 di.
1370 4929 1393 4991 f.
1409 4948 1453 4991 m.
1465 4928 1506 4992 de
1521 4927 1695 4992 heredibus
1712 4927 1871 4995 Johannis
1885 4930 1925 4994 ds
1937 4931 2025 4996 Vane

1941 5040 2024 5085 xxa.

568 5154 732 5222 Johannes
754 5154 898 5218 Norman
925 5154 965 5218 de
989 5154 1177 5218 Grimsbone
1200 5159 1293 5218 benet
1315 5157 1464 5236 quartam
1488 5157 1614 5236 perlem
1638 5153 1661 5218 f.
1678 5176 1721 5217 m.
1746 5156 1780 5217 in
1797 5155 1970 5223 Gerusnou
1985 5158 2026 5221 de

526 5244 671 5309 iohanne
686 5242 830 5320 Bardolf,
845 5242 931 5325 quod
946 5241 1124 5305 Nioholaus
1138 5241 1283 5305 Norman
1299 5242 1461 5323 quondam
1476 5240 1586 5304 tenuit
1662 5282 1672 5291 -
1762 5281 1773 5292 -
1863 5282 1873 5293 -
1962 5266 2024 5310 ιιι.

568 5382 727 5446 Ricardus
751 5381 839 5444 filius
866 5382 1009 5444 Simonis
1035 5386 1128 5444 ieneb
1152 5380 1188 5465 ij.
1205 5381 1229 5444 f.
1245 5400 1290 5447 m.
1316 5382 1350 5443 in
1374 5381 1529 5446 Bsusnrn
1553 5385 1588 5444 et
1612 5380 1809 5448 Gnosnnoae
1837 5383 1880 5447 de
1908 5387 2028 5449 oomibe

526 5466 682 5532 Suffolkie
697 5474 736 5532 ut
749 5468 789 5532 de
804 5469 924 5532 honore
939 5468 978 5531 de
994 5469 1096 5551 Heye‚
1111 5467 1199 5551 quod
1213 5467 1396 5532 Willelmns
1411 5468 1526 5534 Bovile
1541 5469 1705 5553 quondam
1727 5471 1837 5533 tenuit
1921 5472 2025 5559 iiij.li.

568 5606 730 5671 Johannes
753 5606 893 5670 Howard
916 5611 1008 5669 benet
1031 5608 1166 5669 leroirm
1191 5610 1317 5690 partem
1342 5606 1367 5691 j.
1382 5607 1405 5672 f.
1422 5629 1465 5669 m.
1489 5608 1524 5671 in
1547 5608 1616 5673 Esu
1631 5608 1777 5675 Wsnnou
1802 5608 1842 5671 de
1855 5606 2027 5674 heredibus

525 5693 766 5781 Huntyngfeld‚
781 5693 867 5778 quod
883 5692 1066 5757 Alexander
1080 5692 1123 5757 de
1137 5692 1319 5758 Boterwieh
1334 5695 1498 5777 qnondam
1515 5697 1625 5758 tenuit
1703 5733 1714 5746 ·
1804 5694 1905 5780 xiijo.
1923 5695 2025 5784 iiijd.

568 5833 727 5898 Robertus
752 5833 794 5897 de
822 5831 945 5896 Morlee
966 5836 1061 5895 tenet
1086 5837 1236 5918 quartam
1263 5836 1390 5915 partem
1411 5832 1439 5916 j.
1459 5833 1481 5899 f.
1497 5854 1542 5897 m.
1558 5833 1593 5895 in
1610 5832 1784 5900 Gnrusnou
1799 5834 1839 5897 de
1853 5831 2027 5899 heredibus

524 5920 765 6005 Huntyngfeld
779 5920 866 6003 quod
881 5916 1046 5984 Johennes
1063 5918 1195 5985 Seneler
1209 5923 1243 5983 et
1258 5924 1407 5983 tenentes
1422 5920 1473 5981 sui
1489 5918 1651 6001 quondam
1668 5924 1846 5983 tenuerunt
1863 5962 1873 5971 -
1963 5942 2027 5988 ns.
