5000 7050
572 1066 637 1133 244
1224 1065 1431 1138 LINOOLN.

618 1352 782 1422 Johannes
803 1360 931 1445 Pouger
950 1364 1045 1426 tenet
1064 1362 1100 1426 in
1113 1360 1216 1430 Wasn
1236 1361 1360 1440 Rssm,
1374 1359 1512 1427 Mmann
1534 1361 1658 1438 Rasna,
1671 1364 1704 1424 et
1726 1357 1853 1428 sonas
1865 1377 1923 1423 un.
1939 1357 1963 1424 f.
1980 1377 2025 1424 m.
2041 1360 2076 1421 ct

575 1441 623 1508 di.
639 1443 680 1507 de
694 1445 826 1510 domino
840 1469 915 1532 rege
930 1450 984 1514 i.c.

617 1577 783 1644 Johannes
807 1583 949 1647 Hundon
975 1589 1067 1648 tenet
1093 1587 1127 1649 in
1152 1584 1294 1652 Mrnnnn
1318 1586 1438 1663 Rssrrr,
1461 1581 1881 1661 commoreremur,
1899 1581 1957 1665 qui
1971 1586 2023 1644 eet
2037 1579 2074 1643 iu

577 1686 676 1730 mann
690 1671 786 1755 regis,
802 1672 852 1752 iij.
868 1681 974 1754 partes
989 1693 1045 1737 un.
1061 1673 1086 1738 f.

619 1806 722 1871 Heres
745 1809 871 1874 Andree
897 1810 1041 1874 Luterell
1063 1816 1156 1875 tenet
1181 1811 1217 1873 in
1242 1810 1400 1878 Taunnnr
1423 1831 1478 1875 un.
1494 1811 1518 1876 f.
1535 1830 1580 1874 m.
1608 1809 1648 1872 de
1664 1809 1797 1872 domino
1812 1827 1888 1893 rege
1902 1807 1957 1873 i.c.
1974 1811 2008 1871 et
2024 1816 2075 1870 est

573 1892 659 1957 inira
672 1899 797 1959 etatem
811 1905 846 1960 et
860 1899 896 1960 in
910 1899 1058 1962 custodia
1072 1899 1197 1961 domini
1212 1902 1308 1982 regis.

619 2030 712 2094 Prior
734 2039 769 2095 ei
791 2033 907 2098 fratres
932 2035 1113 2120 Hospitalis
1137 2034 1248 2098 Sancti
1275 2035 1296 2099 J
1298 2033 1435 2099 ohannis
1451 2041 1566 2099 tenent
1582 2035 1617 2096 in
1633 2035 1817 2100 Noanmsr
1831 2031 1932 2120 ffijum
1948 2035 2073 2117 partem

575 2139 632 2184 un.
647 2117 671 2184 f.
688 2140 732 2186 m.
748 2122 789 2183 de
802 2142 878 2207 rege
893 2124 946 2187 ic.
962 2125 997 2186 in
1012 2144 1127 2208 puram
1143 2129 1176 2187 et
1191 2131 1381 2206 perpetuam
1396 2124 1618 2187 elemosinam.

619 2256 711 2320 Prior
726 2258 765 2322 de
781 2258 880 2323 Cruce
896 2260 998 2324 Rosea
1013 2266 1105 2325 tenet
1121 2263 1155 2324 in
1171 2262 1329 2328 Onnnsnr
1343 2269 1377 2324 et
1393 2260 1574 2327 Tuonnnorr
1601 2279 1658 2325 un.
1675 2257 1699 2325 f.
1716 2280 1760 2324 m.
1777 2258 1817 2322 de
1841 2259 1974 2322 domino
1999 2277 2074 2344 rege

573 2343 609 2406 in
624 2365 740 2428 puram
754 2354 789 2410 et
804 2355 996 2432 perpetuam
1011 2349 1233 2413 elemosinam.

619 2482 724 2546 Abbas
738 2453 779 2548 de
796 2486 926 2550 Weilow
942 2491 1036 2550 tenet
1049 2487 1084 2551 in
1101 2488 1192 2555 (inan
1207 2486 1268 2574 iiij.
1284 2491 1415 2571 partem
1429 2507 1485 2552 un.
1501 2484 1525 2550 f.
1544 2507 1587 2550 m.
1605 2485 1644 2548 de
1658 2484 1790 2548 domino
1804 2502 1879 2567 rege
1892 2484 1946 2548 i.c.

617 2619 757 2687 Thomas
780 2624 882 2709 Moyn
904 2630 996 2689 tenet
1019 2627 1055 2689 in
1078 2627 1179 2707 Onna,
1195 2631 1234 2690 ut
1262 2627 1303 2690 de
1326 2625 1446 2688 honore
1470 2625 1510 2688 de
1525 2625 1662 2702 Dovere,
1676 2623 1734 2707 qui
1748 2629 1799 2686 est
1813 2624 1849 2686 in
1864 2641 1964 2686 manu
1978 2622 2075 2707 regis,

577 2708 679 2799 ffijsm
694 2717 820 2794 partem
836 2733 893 2778 un.
910 2715 932 2779 f.
949 2736 994 2778 m.

618 2849 760 2953 Thomas
775 2850 949 2936 Collevyle,
964 2851 1068 2931 miles,
1084 2858 1175 2915 tenet
1190 2852 1225 2914 in
1247 2851 1421 2919 Larcnnrn
1445 2861 1525 2916 xn⁸¹¹¹
1540 2855 1668 2934 partem
1694 2868 1750 2914 un.
1766 2847 1790 2914 f.
1806 2869 1850 2914 m.
1877 2848 1917 2911 de
1943 2848 2076 2911 domino

575 2958 653 3021 rege
667 2959 720 3003 no.

619 3071 732 3175 Simon
747 3074 786 3137 de
801 3073 980 3159 Greinesby
995 3081 1088 3140 tenet
1101 3077 1136 3141 in
1154 3076 1245 3144 Onna
1260 3081 1295 3140 eb
1310 3076 1468 3142 Busnnar
1483 3085 1541 3140 x⁸¹¹¹
1559 3079 1687 3158 partem
1701 3095 1758 3140 un.
1772 3073 1796 3140 f.
1812 3094 1857 3140 m.
1881 3072 1923 3138 de
1944 3071 2075 3136 domino

574 3181 652 3246 rege
666 3182 720 3226 no.

619 3299 883 3364 constabularius
900 3299 1023 3365 Oestrie
1038 3307 1131 3366 tenet
1144 3303 1181 3366 in
1195 3303 1354 3369 Bsnnnnr
1368 3302 1403 3385 ij.
1419 3301 1443 3367 f.
1460 3322 1505 3365 m.
1522 3301 1562 3364 de
1578 3301 1708 3364 domino
1724 3320 1799 3385 rege
1814 3300 1865 3366 ic.

618 3441 694 3504 Dux
708 3442 895 3506 Lancastrie
910 3448 999 3506 tenet
1019 3442 1054 3504 in
1077 3442 1159 3509 [nnn
1174 3439 1276 3530 mrim
1291 3449 1418 3526 partem
1433 3460 1489 3505 nn.
1507 3439 1530 3505 f.
1547 3459 1593 3505 m.
1610 3440 1650 3503 de
1666 3439 1798 3502 domino
1819 3435 1923 3527 [rege]
1945 3439 2076 3522 ioque

575 3531 739 3615 quondam
755 3530 819 3594 fnit
835 3532 870 3593 in
886 3536 1001 3594 tenura
1015 3532 1145 3594 comitis
1160 3530 1294 3597 Cestrie.

620 3668 782 3733 Robertus
797 3669 907 3732 Nevili
922 3674 1016 3733 tenet
1031 3671 1066 3732 in
1082 3670 1261 3737 Nurunron
1277 3670 1379 3753 iiiji¹m
1394 3672 1521 3751 partem
1536 3685 1591 3731 un.
1607 3664 1630 3730 f.
1648 3686 1692 3730 m.
1709 3666 1749 3729 de
1764 3666 1895 3729 domino
1909 3686 1984 3750 rege
1998 3665 2053 3731 ic.

619 3804 711 3869 Idem
727 3804 885 3869 Robertus
900 3812 993 3870 tenet
1008 3807 1044 3869 in
1059 3806 1206 3874 Hunnon
1221 3829 1279 3873 un.
1295 3810 1318 3873 f.
1336 3828 1380 3874 m.
1398 3803 1438 3867 de
1453 3803 1585 3867 domino
1599 3824 1675 3887 rege
1689 3802 1741 3867 i.o.

620 3937 714 4002 Idem
729 3938 891 4002 Roborius
906 3944 996 4003 tenet
1012 3941 1046 4003 in
1064 3939 1186 4006 Macris
1202 3941 1308 4008 Ocnus
1323 3941 1368 4006 di.
1386 3940 1410 4007 f.
1427 3962 1472 4006 m.
1489 3941 1529 4004 de
1545 3941 1677 4004 domino
1691 3960 1767 4024 rege
1782 3939 1833 4005 ic.

621 4076 708 4138 Item
723 4076 838 4139 dicunt
852 4076 939 4159 quod
954 4077 1061 4160 quoad
1077 4079 1260 4142 evidenoias
1274 4078 1314 4140 de
1329 4078 1412 4141 libro
1427 4077 1593 4141 feodorum
1609 4082 1667 4140 aut
1681 4077 1788 4139 rotulo
1803 4076 1845 4139 dc
1860 4075 1985 4139 releviis
2009 4076 2077 4138 sive

574 4162 616 4225 de
632 4162 704 4225 aliis
717 4164 894 4227 evidenciis
910 4184 1006 4247 penes
1021 4168 1216 4228 scaccarium
1232 4166 1350 4250 Anglie
1365 4166 1607 4229 remanentibus
1624 4172 1783 4227 extructus
1797 4170 1829 4227 et
1847 4165 1944 4226 dictis
1954 4162 2077 4248 juratis

577 4256 721 4313 ostensas
737 4271 794 4334 pro
808 4254 947 4315 veritate
962 4251 1081 4315 melius
1096 4254 1232 4316 dicenda
1245 4254 1348 4316 nichil
1364 4256 1471 4316 sciunt
1485 4252 1623 4316 ulterius
1638 4256 1823 4336 presentare
1844 4252 1929 4314 infra
1950 4251 2077 4313 dietum

578 4337 810 4423 Northrithing
825 4359 924 4422 quam
939 4340 1085 4422 superius
1100 4340 1265 4405 dixerunt.

621 4476 708 4539 Item
731 4477 846 4540 dicunt
870 4477 952 4560 quod
970 4477 1070 4561 Hugo
1084 4479 1115 4540 le
1130 4477 1319 4562 Despenser,
1335 4476 1487 4554 chivaler‚
1502 4482 1596 4540 tenet
1610 4476 1792 4539 manerium
1807 4475 1848 4538 de
1863 4474 2023 4540 Bonosus
2037 4473 2077 4538 de

576 4562 708 4625 domino
721 4585 795 4649 rege
810 4564 880 4627 sine
895 4564 1004 4627 medio
1024 4586 1081 4647 per
1105 4585 1259 4648 magnam
1284 4564 1481 4649 serjantiam,
1497 4564 1650 4629 videlicet
1672 4562 1821 4647 portandi
1846 4583 1945 4625 unam
1968 4562 2076 4625 sibam

576 4652 701 4735 virgam
724 4672 831 4715 coram
845 4650 978 4714 domino
992 4672 1067 4737 rege
1082 4652 1136 4715 die
1151 4653 1278 4717 Natalis
1293 4654 1438 4732 Domini,
1455 4654 1483 4717 si
1497 4653 1630 4736 quidem
1645 4652 1797 4714 dominus
1812 4670 1868 4713 rex
1883 4654 1962 4713 tunc
1977 4647 2078 4711 fuerit

576 4738 611 4801 in
627 4739 785 4801 comitatu
801 4738 980 4804 Liueolnie.

621 4873 662 4938 In
676 4873 768 4958 cujus
782 4876 830 4941 rei
844 4876 1081 4955 testimonium,
1096 4879 1160 4941 etc.

1103 5152 1537 5167 Ἥ

1156 5402 1510 5474 SOUTHRITHING.

618 5571 798 5656 Inquisicio
811 5574 908 5655 capta
920 5573 1008 5657 apud
1023 5572 1149 5637 Ludem
1164 5574 1200 5638 in
1216 5576 1362 5657 partibus
1377 5572 1418 5637 de
1432 5573 1602 5658 Lyndesey
1611 5571 1647 5633 in
1663 5572 1823 5634 comitatu
1839 5567 2008 5632 Lincoinie
2023 5567 2077 5631 die

574 5659 668 5723 Lune
683 5658 828 5743 proximo
842 5665 919 5723 ante
941 5661 1062 5724 fesium
1084 5660 1307 5727 conversionis
1334 5662 1445 5725 Sancti
1469 5662 1565 5726 Pauli
1589 5677 1675 5722 anno
1703 5660 1804 5721 tercio
1829 5655 1917 5739 regis
1944 5655 2079 5719 Henrici

573 5748 682 5829 quarti
700 5751 768 5825 (etc.
784 5770 821 5812 us
837 5749 964 5832 before),
981 5770 1038 5832 per
1052 5758 1288 5812 sacramentnm
1305 5750 1438 5812 Roberti
1455 5749 1495 5813 de
1512 5743 1737 5819 Westemeles‚
1752 5743 1910 5808 Johennis
1925 5741 2023 5805 Ward
2038 5742 2079 5807 de

572 5831 774 5912 Tntteforth,
789 5834 914 5899 Thome
930 5834 1042 5900 Barret
1056 5837 1234 5915 decadem,
1249 5836 1373 5899 Thoms
1390 5834 1496 5899 Bakar
1523 5836 1563 5899 de
1586 5830 1776 5914 Skryvelby,
1795 5828 1928 5893 Robersi
1943 5829 2078 5914 Toggod

575 5919 617 5981 de
642 5918 817 6006 Myntyng,
842 5923 1007 6010 Radulphi
1035 5924 1137 5990 Betou
1161 5924 1203 5988 de
1227 5920 1448 6004 Skameleaby,
1475 5920 1635 5987 Willelmi
1664 5916 1763 5982 Horre
1793 5918 1835 5982 ds
1862 5913 2080 6001 Alvyngham,
