5000 7050
572 1108 615 1175 re
688 1086 691 1089 ’
1271 1104 1402 1175 uuus.
1454 1110 1458 1117 ·

616 1397 755 1461 Thomas
769 1397 856 1483 Page
871 1398 1079 1463 fuitseisitus
1095 1404 1148 1463 etc
1150 1446 1699 1466 ...........
1730 1399 1910 1464 redditibus
1924 1418 2077 1479 onerum,

572 1506 635 1569 que
651 1484 761 1549 valent
775 1490 839 1551 etc.
855 1485 904 1571 iiij
909 1487 950 1551 ‚li
951 1535 1680 1553 ..............
1708 1487 1748 1551 de
1762 1488 1869 1551 valore
1884 1489 2052 1571 ignorant.

578 1622 664 1789 (git
678 1622 944 1795 algepius)dicunt
958 1624 1045 1707 quod
1060 1644 1172 1689 omnes
1185 1629 1220 1689 et
1244 1625 1366 1710 singuli
1391 1625 1612 1709 prenominati
1637 1645 1697 1689 neo
1721 1625 1830 1707 alique
1853 1624 1916 1689 ulie
1939 1642 2077 1707 persone

590 1734 605 1775 e
637 1734 696 1775 ‚as
730 1734 837 1776 ecre.
1976 1773 1980 1781 .

618 1849 659 1912 In
674 1850 768 1934 cujus
782 1851 830 1913 rei
844 1851 1081 1929 testimonium,
1097 1855 1160 1917 etc.

1068 2093 1288 2158 Huuonnouu
1312 2114 1355 2157 nn
1379 2094 1583 2161 WORTHE.

616 2254 794 2338 Inquisieio
808 2259 903 2337 capta
916 2256 1003 2336 apud
1019 2254 1135 2318 Elham
1150 2257 1185 2318 in
1201 2257 1363 2319 comitatu
1377 2257 1503 2321 Kancie
1518 2258 1620 2320 tercio
1636 2256 1688 2319 die
1703 2256 1725 2319 J
1725 2256 1862 2335 aunarii,
1878 2275 1963 2319 anno
1978 2257 2073 2340 regni

574 2344 661 2425 regis
676 2342 810 2405 Heurici
826 2343 910 2405 sexti
925 2341 1060 2421 decimo,
1072 2363 1179 2406 eoram
1190 2342 1339 2407 Johunne
1348 2343 1473 2407 Pecche
1492 2349 1559 2423 (etc.
1574 2367 1610 2409 cs
1626 2346 1753 2427 before),
1764 2364 1821 2427 per
1836 2348 2073 2407 sacramentum

574 2429 686 2493 iacobi
703 2428 851 2513 Scarppe,
868 2429 1019 2514 Hugonis
1033 2429 1182 2513 Scarppe,
1197 2430 1327 2497 Ricardi
1343 2431 1464 2509 Horne,
1474 2431 1610 2493 Henrici
1626 2430 1778 2513 Scarppe,
1789 2430 1902 2494 Jacobi
1917 2430 2071 2515 Godfrey,

574 2515 734 2581 Johannis
758 2563 1020 2595 ......
1037 2517 1169 2580 Henrici
1186 2517 1329 2595 Godard,
1345 2519 1477 2582 Ricardi
1493 2518 1627 2601 Mayllo,
1644 2518 1778 2581 Roberti
1804 2518 1922 2596 Holde,
1945 2516 2072 2581 Thome

575 2605 664 2689 Elys,
693 2601 817 2667 Thome
849 2602 1069 2687 Bettelysdon‚
1097 2608 1133 2667 et
1161 2606 1259 2668 Alani
1297 2605 1426 2689 Pyryar‚
1459 2606 1628 2688 proborum
1658 2611 1692 2669 et
1717 2605 1869 2690 legalium
1899 2603 2071 2668 hominum

573 2691 732 2755 hundredi
757 2690 799 2754 de
822 2690 968 2770 werthe,
994 2694 1052 2775 qui
1081 2691 1197 2755 dicunt
1226 2713 1324 2777 super
1353 2697 1589 2756 sacramentum
1614 2713 1720 2771 suum,
1747 2692 1834 2776 quod
1857 2693 1911 2757 die
1935 2692 2072 2756 Veneris

529 2812 533 2819 -
574 2780 719 2863 proximo
733 2789 810 2843 ante
825 2777 946 2843 festum
962 2777 1074 2843 Sancti
1089 2780 1234 2858 Hillarii,
1250 2780 1409 2862 Apostoli,
1424 2801 1509 2844 anno
1523 2782 1617 2865 regni
1632 2781 1718 2864 regis
1732 2780 1870 2863 predicti
1887 2780 1934 2845 ix⁰
1943 2804 1996 2842 :-

617 2917 801 2981 Willelmus
826 2917 955 2996 Hawte,
977 2918 1019 2981 de
1043 2915 1194 3001 parochia
1215 2918 1256 2980 de
1278 2917 1584 3003 Bysshopesbowrne
1606 2917 1641 2981 in
1656 2918 1815 2982 comitatu
1831 2916 1988 2999 predicto,
2003 2918 2069 2983 iuit

573 3007 705 3070 seiaitus
719 3006 755 3067 in
769 3005 932 3068 dominico
946 3026 1016 3081 suo,
1029 3010 1067 3069 ut
1081 3006 1121 3068 de
1135 3004 1237 3068 libero
1251 3011 1441 3070 tenemento
1456 3026 1524 3087 suo,
1539 3007 1574 3069 in
1589 3005 1733 3069 manerio
1758 3005 1799 3068 de
1826 3006 2083 3073 Bnauuausnorr'

574 3096 610 3157 in
624 3092 793 3156 hundredo
808 3092 1002 3176 supradicto,
1016 3093 1103 3177 quod
1119 3098 1251 3156 tenetur
1267 3114 1323 3177 per
1337 3096 1509 3158 servicium
1526 3114 1581 3159 un.
1598 3094 1621 3159 f.
1639 3114 1683 3158 m.
1699 3094 1832 3177 integri

617 3232 776 3314 Magister
802 3233 836 3291 et
857 3228 971 3293 tratres
993 3228 1116 3292 Domus
1130 3228 1194 3292 Dei
1211 3228 1312 3294 Beate
1325 3230 1430 3294 Marie
1444 3230 1486 3295 de
1501 3229 1672 3313 Ospringe,
1688 3229 1724 3292 in
1739 3230 1897 3293 comitatu
1911 3230 2068 3313 predicto,

573 3320 703 3382 fuerunt
718 3317 823 3381 seisiti
837 3320 899 3380 etc.
915 3318 950 3378 in
976 3317 1120 3379 manerio
1145 3317 1187 3379 de
1215 3317 1413 3398 anrusron,
1439 3340 1514 3381 eum
1540 3317 1763 3401 pertinenciis,
1789 3318 1824 3379 in
1850 3317 2001 3400 parochia
2026 3318 2068 3381 de

575 3403 1002 3488 serenissimumque
1018 3409 1150 3467 tenetur
1166 3424 1223 3487 per
1237 3406 1409 3469 servicium
1424 3426 1479 3470 un.
1495 3405 1517 3469 f.
1534 3406 1664 3489 integri.

618 3545 663 3607 Et
677 3543 792 3607 dicunt
806 3541 892 3626 quod
906 3561 1018 3606 omnes
1033 3548 1065 3606 et
1082 3542 1204 3626 singuli
1220 3548 1289 3606 tam
1306 3544 1381 3606 laici
1396 3562 1495 3627 quam
1511 3541 1698 3628 spirituales
1717 3547 1783 3620 (etc.
1798 3565 1834 3606 as
1851 3543 1976 3624 before).

614 3684 659 3746 Et
671 3679 777 3766 quoad
790 3680 855 3743 alia
871 3687 971 3744 terras
986 3688 1020 3744 et
1034 3686 1219 3745 tenementa
1233 3681 1319 3745 infra
1334 3679 1541 3745 hundredum
1557 3680 1752 3763 predictum,
1763 3700 1826 3763 que
1836 3684 1991 3744 tenentur
2012 3701 2068 3764 per

571 3771 742 3836 servicium
765 3768 903 3850 alicujus
924 3766 1011 3831 feodi
1037 3769 1154 3832 militis
1169 3789 1226 3833 seu
1241 3789 1298 3851 per
1313 3769 1487 3852 parcellam
1502 3769 1589 3832 feodi
1603 3767 1723 3832 militis
1737 3767 1901 3851 aliquibus
1918 3768 1996 3830 viris
2010 3774 2068 3831 aut

570 3857 759 3923 mulieribus
779 3856 949 3940 religiosis,
959 3857 1027 3920 sive
1041 3857 1186 3938 personis
1202 3856 1427 3938 spiritualibus
1443 3858 1643 3932 amortisata‚
1658 3860 1716 3918 aut
1729 3855 1830 3918 elicui
1845 3855 1904 3918 alii
1917 3854 1958 3918 ad
1972 3876 2067 3919 usum

572 3945 747 4011 eorundem
771 3942 995 4027 religiosorum
1012 3943 1062 4006 vel
1084 3944 1306 4027 spiritualium
1322 3943 1484 4026 adquisita
1499 3949 1573 4028 post
1587 3962 1710 4007 annum
1726 3952 1791 4007 xxm
1808 3944 1892 4027 regis
1907 3942 2067 4024 Edwardi‚

573 4033 690 4118 prefati
699 4032 863 4115 juratores
877 4031 1009 4114 penitus
1023 4031 1185 4114 ignorant.

617 4171 663 4234 Et
675 4170 790 4233 dieunt
804 4168 909 4252 quoad
923 4167 981 4232 illa
996 4167 1234 4253 quinquaginta
1248 4168 1341 4233 feoda
1357 4167 1502 4232 militum
1521 4171 1588 4246 (etc.
1605 4191 1640 4233 us
1657 4169 1782 4251 before).

614 4309 660 4371 Et
674 4308 789 4371 dicunt
803 4306 856 4369 die
870 4313 905 4370 et
919 4326 1005 4370 anno
1020 4306 1215 4390 supradietis
1230 4306 1317 4391 quod
1335 4306 1520 4370 Willelmus
1536 4305 1612 4369 Scot
1658 4354 1990 4372 .......
2028 4305 2069 4369 de

569 4395 721 4483 parochia
749 4394 791 4457 de
819 4393 1006 4458 Braboume
1034 4395 1070 4457 in
1099 4395 1259 4458 comitatu
1293 4394 1450 4478 predicto,
1481 4395 1546 4457 fuit
1577 4393 1709 4458 saisitus
1745 4397 1808 4457 eto.
1840 4391 1881 4457 de
1911 4394 2006 4456 terris
2035 4400 2069 4456 et

570 4483 784 4560 tenementis,
799 4483 900 4546 tentis
917 4483 951 4543 in
967 4480 1179 4565 gavyllrende,
1195 4483 1231 4545 in
1257 4480 1409 4565 parochia
1431 4481 1471 4544 de
1487 4481 1703 4548 Wssrsnrun
1730 4489 1765 4544 et
1788 4480 2009 4547 Ersnsnncon
2033 4482 2069 4543 in

568 4571 736 4635 hundredo
761 4568 918 4653 predicto,
938 4589 1004 4652 que
1026 4569 1135 4633 valent
1158 4590 1216 4652 per
1242 4589 1366 4634 annum
1392 4575 1456 4634 ete.
1472 4569 1551 4634 xl.s.
1597 4569 1641 4630 Et
1665 4567 1764 4630 habet
1790 4568 1864 4651 plus
1879 4567 1957 4631 alibi
1975 4568 2068 4651 eujus

571 4659 794 4742 quantitatem
809 4658 876 4719 sive
890 4657 1031 4722 valorem
1041 4656 1145 4740 jurati
1160 4659 1325 4740 ignorant.

615 4794 772 4859 Ricardus
798 4794 991 4877 (llyderowe,
1015 4797 1208 4880 gentilman,
1235 4796 1276 4859 de
1302 4793 1453 4877 parochia
1478 4792 1590 4856 Sancti
1615 4792 1764 4857 Nieholai
1794 4792 1835 4856 de
1860 4793 2005 4856 Romane
2035 4795 2069 4857 in

570 4883 731 4948 comitatu
746 4881 901 4964 predicto,
916 4882 981 4946 init
995 4884 1126 4946 seisitus
1142 4889 1204 4946 etc.
1224 4880 1281 4968 [de
1296 4884 1391 4946 terris
1407 4879 1456 4967 et]
1475 4883 1673 4945 tenementis
1690 4881 1793 4944 tentis
1807 4881 1842 4942 in
1869 4879 2070 4964 gavyllrende

570 4975 606 5050 in
629 4968 782 5055 parochia
807 4970 848 5032 de
874 4971 1192 5036 Boanwmnunascu
1217 4983 1252 5033 et
1266 4970 1458 5038 Wnsrunnu
1475 4969 1511 5032 iu
1525 4967 1693 5032 hundredo
1708 4967 1863 5051 predicto,
1878 4987 1941 5052 que
1959 4968 2071 5032 valent

569 5078 765 5143 perannum
780 5061 843 5121 etc.
859 5057 971 5139 xiij.
988 5056 1098 5143 viije.
1145 5057 1191 5120 Et
1204 5055 1305 5121 habet
1320 5057 1392 5140 plus
1408 5057 1487 5120 alibi
1503 5056 1595 5140 eujus
1610 5055 1832 5138 quantitatem
1849 5055 1915 5118 sive
1930 5055 2070 5118 valorem

581 5144 699 5233 [jurati
713 5142 900 5231 ignorant}

615 5283 769 5346 Ricardus
785 5279 935 5367 Knyght,
949 5302 1076 5367 yoman,
1093 5282 1132 5346 de
1150 5282 1284 5368 Sellyng
1299 5284 1334 5345 in
1349 5286 1507 5346 comitatu
1524 5281 1676 5366 predicto,
1701 5280 1765 5344 fuit
1791 5281 1919 5344 seisitus
1942 5286 2005 5344 eto.
2031 5282 2072 5347 de

572 5372 666 5436 terris
689 5377 724 5434 et
746 5371 944 5433 tenementis
970 5370 1038 5433 suis
1062 5371 1097 5433 in
1124 5369 1328 5455 gavylkende
1353 5371 1388 5432 in
1414 5370 1734 5436 Bosnwsnnunsscn
1753 5374 1786 5431 et
1801 5369 2021 5434 Ersrsenoes
2037 5375 2073 5432 et

574 5506 1197 5524 ............
1231 5455 1309 5544 [que
1332 5457 1442 5520 valent
1472 5453 1554 5557 etc]
1589 5455 1725 5542 lrxiije.
1754 5455 1855 5542 iiije.
1902 5456 1945 5519 Et
1973 5456 2073 5520 hsbet

571 5546 645 5650 plus
658 5546 739 5610 alibi
754 5544 847 5628 eujus
868 5541 1122 5630 [quantitatem]
1148 5546 1215 5608 sive
1230 5545 1372 5609 valorem
1389 5545 1528 5628 predicti
1538 5550 1703 5628 Juratores
1718 5545 1882 5628 ignorant.

573 5708 581 5725 ·
615 5683 778 5747 Walterus
793 5679 1007 5764 Schyrynton,
1024 5683 1177 5767 armiger,
1195 5678 1276 5769 [fuit
1292 5683 1422 5746 seisitus
1438 5677 1519 5768 ete]
1541 5681 1580 5745 de
1595 5679 1692 5744 terris
1707 5685 1742 5744 et
1756 5681 1956 5744 tenementis
1970 5683 2074 5746 tentis

574 5773 610 5836 in
624 5768 827 5856 gavyllsende
829 5816 1508 5849 .............
1531 5775 1566 5832 et
1591 5769 1824 5834 Dnuucunnou
1847 5767 1881 5831 in
1904 5766 2073 5834 hundredo

569 5859 723 5942 predicto,
739 5876 803 5939 que
819 5856 928 5918 valent
943 5859 1006 5920 etc.
1024 5855 1118 5942 liij..s
1135 5857 1236 5943 iique.
1283 5857 1327 5921 Et
1341 5856 1441 5920 habet
1455 5856 1529 5940 plus
1544 5855 1624 5920 alibi
1643 5851 1751 5941 [cujus
1767 5856 1989 5938 quantitatem
2004 5857 2072 5924 sire

573 5941 731 6030 valorem]
752 5944 871 6027 prefati
882 5943 1046 6026 juratores
1061 5947 1224 6030 ignorant.
