5000 7050
563 1096 607 1160 40
1248 1102 1381 1168 ΚΕΝΤ.

601 1380 648 1443 lle
674 1381 838 1446 Willelmo
863 1385 903 1448 de
927 1383 1078 1469 Olynton,
1104 1386 1226 1451 comite
1253 1388 1516 1471 Hunlingdonie,
1539 1386 1657 1471 prodi.
1675 1386 1798 1470 f.qu0d
1815 1384 1995 1447 Willelmus
2017 1384 2060 1445 de

555 1466 705 1551 Loybum
721 1472 831 1535 tenuit
845 1472 932 1556 apud
948 1473 1108 1539 Luam
1125 1476 1164 1537 de
1179 1476 1347 1539 comitissa
1364 1475 1576 1539 Aumarlie-
1667 1514 1678 1525 -
1768 1514 1778 1525 -
1869 1513 1880 1524 -
1967 1493 2058 1536 xxx.

600 1604 650 1668 De
673 1606 786 1671 eodem
815 1608 978 1673 Willelmo
1004 1614 1133 1696 prodi.
1160 1613 1182 1676 f.
1209 1614 1294 1697 quod
1319 1614 1407 1677 idem
1440 1613 1623 1676 Willelmus
1652 1612 1802 1697 Leyburn
1833 1612 1943 1674 tenuit
1970 1610 2059 1691 apud

555 1692 736 1760 Bxxxuonn
749 1694 790 1758 de
806 1696 977 1782 Radulpho
994 1699 1060 1762 filio
1077 1699 1234 1764 Beruxrdi
1259 1738 1878 1753 -------
1966 1717 2019 1762 xx.
2029 1720 2056 1761 s.

599 1828 650 1892 De
672 1829 853 1917 Reginaldo
879 1833 1033 1913 Oobham‚
1058 1844 1092 1900 et
1109 1836 1274 1901 Willelmo
1300 1840 1340 1902 de
1364 1838 1534 1921 Septvans,
1561 1859 1617 1921 pro
1641 1838 1677 1923 ij.
1703 1838 1724 1905 f.
1750 1856 1814 1921 que
1839 1836 2000 1899 Henricus
2014 1835 2057 1898 de

558 1914 700 1981 Cobham
714 1922 821 1984 tonuit
836 1924 923 2006 apud
938 1924 1117 1991 Ammon
1133 1926 1173 1989 de
1188 1925 1321 1989 domino
1335 1946 1412 2009 rege
1439 1963 1859 1977 -----
1946 1943 2008 2007 1¹11·
2020 1924 2055 1987 li.

602 2052 649 2117 De
674 2056 797 2121 Thoma
820 2059 860 2122 de
881 2059 1002 2126 Sancto
1026 2061 1213 2147 Leodegxro
1237 2083 1296 2145 pro
1319 2063 1343 2147 j.
1361 2063 1384 2127 f.
1408 2061 1493 2146 quod
1518 2061 1715 2125 laurencius
1738 2061 1779 2125 de
1808 2060 2057 2145 Oteryngdenne

558 2144 669 2206 tenuit
684 2145 769 2227 apud
784 2147 966 2214 Bmuonx
980 2149 1020 2212 do
1036 2148 1200 2213 Willelmo
1214 2150 1257 2213 de
1272 2151 1420 2235 layburn
1468 2189 1884 2201 -----
1974 2145 2018 2211 xl.
2028 2170 2055 2211 ε.

516 2262 519 2270 ’
602 2280 649 2345 De
674 2280 823 2361 Isabellx,
845 2306 907 2369 que
933 2286 998 2349 fuit
1023 2307 1102 2350 uxor
1131 2288 1266 2351 erexii
1289 2288 1330 2351 de
1354 2287 1528 2373 Valoygns,
1558 2286 1695 2350 Ricardo
1718 2285 1830 2369 Colyn,
1851 2290 1885 2349 et
1900 2287 2056 2369 magistro

553 2366 712 2432 Nieholao
725 2369 767 2434 de
782 2370 956 2457 Sandwyeo
973 2381 1029 2457 pro
1042 2374 1067 2460 j.
1085 2374 1108 2439 f.
1124 2376 1211 2459 quod
1227 2374 1390 2441 walterus
1405 2382 1438 2439 et
1456 2376 1615 2439 Robertus
1631 2375 1672 2438 de
1689 2374 1854 2458 Valoygns
1879 2378 2057 2436 tenuerunt

556 2455 643 2537 apud
659 2455 818 2525 Omna
833 2460 874 2523 de
888 2460 1008 2525 comite
1022 2462 1188 2526 Aumarlie
1266 2494 1884 2515 -------
1973 2458 2017 2525 xl.
2027 2481 2055 2525 ο.

600 2591 649 2656 De
674 2594 799 2681 Rogero
821 2597 863 2661 de
888 2597 1085 2663 Norlhwode
1112 2620 1169 2683 pro
1198 2600 1243 2665 di.
1269 2601 1293 2666 f.
1318 2601 1404 2684 quod
1430 2598 1596 2664 lohannes
1621 2600 1662 2663 de
1690 2597 1857 2682 Bykenore
1880 2597 1991 2661 tenuit
2014 2597 2056 2661 de

557 2680 705 2745 Galfrido
719 2684 759 2746 de
773 2684 963 2763 Mandevill‚
978 2691 1014 2750 et
1028 2688 1098 2771 ipse
1111 2688 1153 2750 de
1167 2686 1318 2752 Johanne
1334 2688 1375 2752 de
1389 2687 1509 2752 Sanoto
1524 2686 1671 2751 Johanne
1765 2725 1776 2738 -
1866 2726 1877 2737 ·
1964 2705 2055 2750 xm.

599 2819 648 2884 De
674 2819 847 2886 heredibus
872 2824 1031 2888 Johannis
1046 2826 1087 2889 de
1102 2825 1270 2909 Pevynton
1286 2848 1343 2911 pro
1357 2827 1381 2914 j.
1398 2827 1421 2891 f.
1438 2826 1524 2910 quod
1539 2824 1698 2890 lobannis
1712 2826 1752 2889 de
1766 2824 1934 2908 Pevynton
1950 2824 2056 2887 lenuit

556 2906 645 2991 apud
660 2907 885 2977 Fxmmnom
900 2911 941 2975 de
957 2912 1106 2977 Gallrido
1120 2913 1160 2976 de
1176 2912 1239 2997 Say
1263 2952 1882 2965 -------
1970 2910 2015 2975 xl.
2026 2932 2053 2975 s.

599 3044 648 3108 De
664 3044 789 3111 Thoma
802 3049 843 3112 de
858 3048 998 3113 Rokosle
1012 3072 1070 3134 pro
1085 3052 1129 3115 di.
1147 3052 1170 3116 f.
1188 3053 1272 3137 quod
1287 3052 1447 3116 Roberlus
1462 3052 1502 3116 de
1518 3051 1654 3116 Rokesle
1669 3052 1775 3115 tenuit
1798 3049 1885 3133 apud
1910 3049 2054 3127 Sum,

556 3133 590 3195 in
607 3134 774 3201 Lunum
789 3136 830 3199 de
844 3135 1014 3202 herodibus
1028 3137 1189 3202 lobannis
1204 3140 1267 3202 filii
1281 3138 1424 3204 Simonis
1461 3178 1877 3191 -----
1966 3158 2018 3202 xx.
2028 3160 2055 3201 ε.

598 3272 647 3336 De
666 3273 840 3337 [laurencio
854 3282 909 3339 ato
922 3275 1037 3339 Doune
1053 3296 1109 3359 pro
1123 3277 1169 3342 di.
1187 3276 1210 3342 f.
1227 3279 1314 3361 quod
1329 3276 1463 3343 heredes
1478 3278 1613 3343 Roberti
1627 3277 1668 3340 de
1691 3278 1722 3340 la
1744 3276 1858 3339 Doune
1881 3280 2056 3339 tenuerunt

556 3360 591 3423 in
606 3360 773 3425 Lanam
789 3361 829 3425 de
845 3361 976 3426 Simone
991 3363 1059 3426 filio
1076 3365 1143 3427 Ado
1258 3404 1267 3413 -
1359 3406 1370 3416 ·
1460 3400 1505 3417 -·
1562 3406 1571 3417 -
1663 3405 1673 3416 -
1765 3403 1775 3414 -
1866 3403 1877 3413 -
1965 3383 2016 3425 xx.
2029 3385 2054 3426 x.

597 3497 647 3562 De
670 3498 819 3564 Johanne
840 3500 882 3565 de
909 3498 1038 3580 Shelve‚
1059 3508 1095 3568 el
1114 3501 1263 3568 Johanne
1288 3501 1392 3589 Cryel,
1407 3505 1526 3589 prodi.
1542 3504 1565 3569 s.
1583 3502 1670 3588 quod
1689 3502 1871 3567 Willelmus
1885 3501 1926 3567 do
1940 3498 2055 3565 Shelve

555 3589 664 3651 tenuit
678 3590 713 3651 in
730 3589 909 3666 Lunum,
923 3590 1008 3674 apud
1026 3590 1173 3670 Sumam,
1188 3591 1227 3654 de
1241 3593 1360 3656 comite
1375 3592 1552 3671 Aumxrlie,
1566 3598 1600 3655 et
1613 3593 1685 3674 ipse
1700 3592 1741 3655 de
1757 3611 1832 3676 rege
1866 3629 1877 3640 -
1965 3610 2053 3656 xxc.

598 3725 648 3788 De
661 3725 684 3788 J
685 3728 810 3789 ohanne
826 3728 866 3789 de
882 3728 1038 3807 Morslon,
1056 3729 1181 3793 Thoma
1195 3732 1236 3795 de
1251 3730 1370 3794 Sancto
1386 3731 1582 3815 Leodegaro,
1610 3729 1735 3814 Rogero
1763 3730 1804 3793 de
1830 3725 2056 3805 Norlhewode,

555 3811 722 3876 Willelmo
747 3815 788 3878 de
811 3815 924 3898 Eyete,
946 3814 1094 3880 Johanne
1120 3817 1243 3900 Geryn‚
1266 3818 1391 3881 Thoma
1416 3819 1548 3897 Beaute,
1565 3816 1728 3881 Willelmo
1743 3818 1781 3881 de
1798 3816 2054 3899 Eylnothynton,

552 3902 709 3983 magistro
725 3900 881 3964 Nicholao
894 3903 935 3966 de
951 3902 1136 3986 Sandwyco,
1153 3915 1185 3968 et
1201 3906 1316 3969 relicta
1330 3905 1489 3969 lobannis
1506 3904 1631 3989 Baylly,
1645 3925 1702 3988 pro
1711 3905 1740 3988 j.
1757 3905 1780 3968 f.
1807 3903 1895 3988 quod
1920 3903 2056 3967 Mabilla

552 3987 594 4049 de
619 3988 775 4071 Alynwn,
798 3988 962 4053 lohannes
988 3991 1029 4054 de
1056 3991 1236 4074 Bykenore,
1267 3993 1430 4057 lohannes
1456 3992 1578 4076 Geryn,
1603 3992 1768 4056 lohannes
1794 3999 1848 4054 ale
1874 3990 1995 4068 Pande,
2020 3997 2055 4054 et

552 4073 738 4138 willelmus
756 4082 811 4139 ate
834 4076 1064 4161 Bergheslede‚
1090 4086 1269 4142 tenuerunt
1294 4082 1382 4164 apud
1406 4081 1673 4147 Emoxmxou
1697 4086 1732 4142 et
1754 4079 2000 4145 Bnnonnsrxnx
2015 4077 2055 4141 de

553 4159 700 4226 Johxnne
715 4163 755 4226 de
771 4161 890 4226 Sancto
905 4164 1052 4228 Johxnne
1165 4205 1884 4219 --------
1972 4165 2016 4231 xl.
2027 4189 2053 4232 s.

595 4295 644 4359 De
669 4297 809 4361 Henrioo
837 4298 903 4360 filio
931 4299 1064 4364 Honricl
1089 4301 1210 4385 Tregoz
1237 4303 1364 4386 prodi.
1391 4304 1414 4368 f.
1443 4303 1529 4386 quod
1552 4302 1640 4366 idem
1668 4303 1831 4366 Henricus
1846 4303 1954 4366 tenuit
1969 4300 2054 4385 apud

553 4383 692 4450 Buom
706 4385 748 4448 de
762 4384 928 4449 willelmo
943 4385 985 4452 de
1000 4387 1155 4472 Leyburn
1259 4429 1879 4443 -------
1968 4411 2019 4454 xx.
2030 4411 2056 4454 ε.

596 4522 645 4587 De
659 4522 808 4587 lohanne
823 4524 864 4588 de
879 4523 1052 4590 Cherleton
1067 4548 1126 4611 pro
1136 4527 1164 4612 j.
1181 4528 1205 4593 f.
1223 4529 1312 4612 quod
1327 4529 1460 4593 heredes
1476 4529 1621 4593 Danielis
1635 4529 1676 4591 de
1691 4527 1863 4593 cherleton
1886 4529 1997 4591 tenuit
2020 4529 2053 4590 in

555 4608 755 4678 Onnmrou
771 4612 812 4675 de
827 4613 917 4676 dicto
933 4613 1097 4678 Willelmo
1165 4655 1888 4668 --------
1975 4614 2018 4680 xl.
2029 4639 2055 4680 ε.

594 4749 644 4812 De
658 4749 783 4813 Thoma
798 4749 971 4836 (lolepeper
984 4772 1043 4835 pro
1057 4755 1102 4818 di.
1120 4755 1143 4818 f.
1169 4755 1257 4839 quod
1284 4753 1378 4819 Sarra
1408 4756 1449 4820 de
1474 4753 1618 4839 Bresyng
1645 4755 1753 4819 tenuit
1779 4755 1814 4815 in
1839 4753 1996 4819 Bmxsmo
2022 4761 2057 4816 et

550 4835 710 4903 Lanam
725 4837 765 4902 de
778 4838 869 4902 dicto
887 4839 1047 4908 Willelmo
1151 4879 1876 4894 --------
1965 4861 2016 4905 xx.
2028 4863 2055 4908 ε.

871 4976 1130 5046 Summa-lli.
1147 4979 1205 5064 xij.
1217 4982 1249 5046 d.
1266 5002 1322 5066 pro
1338 5001 1411 5047 xxv.
1427 4979 1450 5046 f.
1466 4986 1500 5044 et
1513 4981 1561 5044 xl·
1582 4985 1673 5065 parte
1682 4978 1711 5064 j.
1728 4979 1753 5044 l.
1890 5043 1894 5053 ,

961 5328 1182 5400 Hammona
1206 5355 1249 5400 nn
1274 5330 1649 5404 TOLTYNGTROWE.

592 5513 641 5577 De
665 5512 789 5579 Thoma
814 5516 855 5580 de
882 5516 1086 5582 amonendo
1111 5537 1170 5600 pro
1184 5518 1209 5601 j.
1226 5517 1249 5581 f.
1267 5517 1353 5601 quod
1377 5517 1546 5601 episcopus
1576 5512 1811 5579 londoniensis
1838 5509 1947 5574 tenuit
1969 5513 2055 5595 apud

551 5597 748 5668 Nox'usxxnn
764 5603 803 5666 de
817 5604 962 5667 manerio
976 5604 1017 5667 de
1034 5603 1162 5668 Horcon
1178 5604 1336 5689 Kyrkeby
1365 5637 1885 5657 ------
1973 5599 2017 5664 xl.
2028 5623 2055 5664 s.

593 5738 643 5803 De
666 5740 798 5803 domino
828 5739 968 5804 Roberto
998 5741 1144 5819 Dufford‚
1173 5744 1292 5807 eomite
1323 5741 1488 5820 Suffolcie‚
1517 5763 1574 5828 pro
1604 5741 1627 5824 j,
1658 5739 1681 5804 f.
1694 5689 1798 5823 ‘quod
1820 5734 1986 5801 lohannes
2015 5737 2056 5800 de

552 5825 743 5978 (Ilffizviille
759 5830 879 5966 femi}
903 5829 939 5890 in
963 5828 1186 5967 llxlvxsxnnx
1211 5851 1290 5969 eulx
1317 5831 1526 5969 Mallon-de
1550 5830 1682 5969 dnomino·
1705 5844 1792 5966 rege?
1818 5831 1857 5888 ut
1873 5823 1921 5962 ‘de
1952 5831 2056 5982 caxsltrso
