5000 7050
591 1050 654 1115 126
1215 1045 1481 1117 hulcusuuu

639 1340 688 1405 De
704 1340 871 1405 Willelmo
885 1340 1028 1405 Trussell
1042 1361 1100 1424 pro
1114 1340 1293 1405 medietate
1308 1361 1363 1405 un.
1378 1340 1401 1403 f.
1417 1362 1462 1407 m.
1479 1358 1577 1425 quem
1592 1345 1684 1404 tenet
1697 1342 1733 1403 in
1759 1340 2039 1408 Annuneruoeen,
2065 1332 2098 1391 et

597 1450 695 1513 quem
710 1427 886 1493 Nioholuus
901 1427 1051 1493 Ohurnell
1066 1449 1169 1513 nuper
1183 1430 1292 1493 tenuit
1307 1428 1441 1508 ibidem,
1456 1431 1540 1493 sicut
1555 1434 1618 1496 eto.
1665 1428 1863 1505 Subsidium,
1874 1425 1955 1510 iijs.
1972 1420 2073 1506 iiiju.

641 1568 690 1630 De
719 1567 832 1631 eodem
862 1566 1043 1641 Willelmo
1057 1567 1199 1631 Trussell
1229 1586 1287 1650 pro
1324 1572 1441 1651 queris
1464 1573 1555 1651 parte
1592 1588 1648 1631 un.
1678 1566 1701 1631 f.
1731 1588 1775 1632 m.
1803 1586 1902 1649 quam
1933 1564 2025 1626 tenet
2061 1557 2097 1619 in

598 1656 1014 1819 ξέζὲἔίεέἑῗηὲχεὲᾳααω
1038 1654 1202 1719 Johnnnes
1231 1653 1404 1719 Cherueles
1433 1655 1595 1739 quondum
1623 1655 1733 1720 tenuit
1762 1654 1896 1731 ibidem,
1919 1651 2003 1715 siout
2032 1651 2096 1710 ete.

641 1881 688 1944 De
713 1882 834 1945 comite
850 1875 1041 1945 'Somersete
1065 1900 1124 1963 pro
1147 1885 1265 1963 quarte
1290 1884 1383 1965 peris
1406 1901 1462 1946 un.
1479 1880 1503 1947 f.
1520 1900 1563 1943 m,
1580 1902 1678 1964 quam
1704 1886 1797 1945 tenet
1822 1879 1857 1943 in
1872 1878 2047 1953 Eunnuuu,
2063 1875 2098 1935 et

597 1989 695 2053 quem
711 1968 883 2052 Philippus
897 1968 928 2029 N
930 1967 1006 2031 evill
1020 1988 1124 2051 nuper
1139 1969 1249 2031 tenuis
1263 1968 1396 2045 ibidem,
1411 1969 1496 2033 siout
1510 1973 1573 2035 eto.
1620 1968 1821 2045 Subsidium,
1835 1967 1925 2033 rud.

641 2107 690 2170 De
704 2104 877 2170 heredibus
892 2105 1034 2169 Simonis
1048 2105 1163 2169 Bssset
1177 2127 1233 2190 pro
1249 2114 1363 2190 quarte
1377 2114 1469 2190 perte
1482 2127 1537 2170 un.
1554 2107 1577 2170 f.
1593 2128 1744 2191 mquam
1758 2112 1875 2170 tenent
1889 2105 1924 2167 in
1942 2103 2096 2176 Smoons,

599 2199 633 2259 et
647 2215 747 2278 quam
763 2194 875 2257 Simon
891 2192 1006 2257 Besseu
1020 2194 1184 2278 quondum
1199 2195 1309 2258 tenuit
1323 2194 1460 2271 ibidem,
1475 2194 1559 2259 sieut
1572 2200 1634 2261 ebo.
1681 2194 1879 2268 Subsidium,
1895 2193 1985 2256 xnd.

641 2331 691 2395 De
713 2330 889 2395 heredibus
918 2328 1082 2393 Johunnis
1108 2330 1249 2394 Wardon
1274 2352 1331 2414 pro
1354 2344 1470 2415 quarte
1499 2338 1592 2414 parte
1622 2352 1677 2397 un.
1701 2331 1725 2396 f.
1743 2350 1900 2416 mquam
1923 2332 2040 2391 tenent
2062 2325 2097 2387 in

598 2419 751 2573 hhsdffi’
778 2423 813 2482 et
837 2438 934 2501 quam
958 2416 1123 2481 Johenuee
1140 2418 1281 2482 Werdon
1296 2440 1399 2503 nuper
1415 2421 1524 2483 tenuit
1538 2418 1673 2498 ibidem,
1691 2421 1776 2482 sieut
1790 2426 1852 2484 eto.
1899 2415 2099 2490 Subsidium,

642 2643 691 2708 De
706 2641 856 2707 Johenne
870 2642 939 2705 filio
954 2642 1112 2706 Herberti
1125 2664 1182 2726 pro
1196 2648 1312 2726 quarta
1327 2649 1417 2727 perte
1433 2664 1489 2710 un.
1507 2645 1531 2710 f.
1548 2665 1592 2711 m.
1609 2664 1706 2728 quem
1722 2647 1814 2707 tenet
1839 2645 1874 2705 in
1896 2642 2097 2718 Tuusuossn,

599 2736 642 2884 ἓξ
648 2752 747 2883 (iim
763 2731 946 2795 Willelmus
960 2729 1047 2793 filius
1063 2731 1216 2795 Herberti
1231 2734 1395 2814 quondam
1411 2733 1518 2796 tenuit
1532 2732 1666 2811 ibidem,
1681 2732 1766 2795 sieut
1789 2736 1852 2797 eto.
1899 2728 2098 2806 Subsidium,

643 2956 692 3020 De
707 2954 831 3018 Thomu
846 2953 982 3039 Grysley
997 2974 1055 3037 pro
1069 2961 1187 3039 quorun
1201 2961 1293 3040 parts
1309 2978 1365 3021 un.
1381 2958 1405 3022 f.
1422 2978 1466 3021 m.
1482 2978 1580 3041 quem
1595 2961 1686 3021 tenet
1702 2957 1736 3022 iu
1752 2958 1916 3033 Aniensi,
1942 2959 1976 3018 eb
1998 2974 2096 3040 quem

598 3043 762 3108 Johennes
777 3042 912 3127 Grysley
927 3043 1089 3125 quondum
1105 3046 1217 3107 tenuit
1232 3043 1367 3124 ibidem,
1384 3046 1468 3107 siout
1484 3054 1545 3109 eto.
1592 3043 1791 3123 Subsidium,
1809 3066 1850 3109 xx
1865 3046 1898 3109 d.

643 3182 691 3244 De
707 3179 873 3243 Willelmo
888 3180 1063 3243 Mounford
1078 3201 1136 3263 pro
1150 3186 1266 3265 quarte
1281 3187 1372 3263 purte
1387 3202 1442 3245 un.
1460 3184 1484 3250 f.
1500 3204 1545 3248 m.
1562 3203 1660 3265 quum
1675 3187 1768 3245 tenet
1782 3182 1819 3246 in
1842 3182 2047 3259 ancnurrn,
2064 3184 2098 3243 et

597 3289 696 3353 quem
711 3267 858 3351 Rogerus
875 3266 956 3351 Culy
974 3288 1079 3352 nuper
1094 3270 1201 3331 tenuit
1216 3269 1348 3348 ibidem,
1363 3270 1445 3333 siout
1463 3276 1526 3334 etc.
1573 3270 1772 3348 Subsidium,
1787 3272 1878 3335 xuni.

641 3406 689 3469 De
712 3404 886 3469 heredibus
910 3406 1067 3470 Willelmi
1091 3406 1252 3470 Heroourt
1276 3427 1333 3490 pro
1359 3414 1475 3491 quarte
1497 3392 1590 3491 parte
1613 3428 1669 3473 un.
1686 3409 1709 3473 f.
1726 3429 1770 3472 m.
1800 3428 1899 3492 quem
1925 3410 2042 3470 tenent
2064 3406 2099 3469 in

598 3494 894 3659 {dssspgiuffiuppud
914 3515 1015 3579 quem
1037 3493 1222 3559 Willelmus
1248 3495 1411 3560 Hureourb
1436 3498 1600 3580 quondum
1625 3497 1734 3561 tenuit
1763 3495 1896 3575 ibidem,
1921 3497 2007 3559 siout
2036 3499 2099 3559 ete.

641 3719 690 3785 De
703 3717 873 3782 heredibus
887 3717 1004 3804 Rogeri
1021 3718 1139 3784 Corbeb
1153 3740 1212 3803 pro
1226 3720 1402 3784 medietate
1416 3742 1472 3786 un.
1489 3722 1512 3786 f.
1527 3743 1572 3787 m.
1588 3742 1688 3805 quem
1715 3727 1831 3785 tenent
1856 3721 1891 3784 in
1916 3719 2098 3799 Sruusnou,

597 3812 632 3871 et
667 3828 766 3891 quum
803 3806 949 3891 Rogerus
986 3806 1106 3872 Corbet
1141 3808 1306 3892 quondum
1342 3810 1453 3872 tenuit
1489 3809 1623 3886 ibidem,
1658 3811 1745 3873 siout
1781 3815 1843 3874 eto.
1899 3807 2100 3885 Subsidium,

642 4031 690 4094 De
704 4030 836 4094 domino
850 4029 891 4093 de
908 4029 995 4114 Grey
1009 4030 1050 4094 de
1065 4030 1184 4115 Ryffyn
1200 4052 1258 4114 pro
1273 4037 1389 4116 quartu
1405 4039 1496 4113 perte
1511 4053 1567 4098 un.
1583 4032 1606 4098 f.
1620 4054 1663 4098 m.
1677 4053 1774 4118 quem
1791 4037 1881 4096 tenet
1895 4033 1929 4095 in
1946 4032 2100 4110 Hrousu,

599 4127 633 4182 et
648 4139 746 4201 quem
761 4116 900 4180 Thomas
915 4117 956 4181 de
970 4119 1101 4202 Asteley
1116 4140 1220 4202 nuper
1234 4121 1345 4224 tenuit
1360 4120 1493 4195 ibidem,
1509 4122 1594 4184 siout
1608 4127 1670 4184 ebo.
1716 4120 1916 4198 Subsidium,
1935 4121 2026 4184 rud.

642 4256 691 4319 De
704 4253 877 4318 heredibus
891 4254 1024 4319 Ricardi
1040 4254 1245 4341 Chempayne
1261 4278 1318 4340 pro
1332 4257 1510 4322 medietate
1525 4278 1581 4326 un.
1598 4259 1620 4323 i.
1634 4279 1789 4341 mquam
1804 4264 1920 4322 tenent
1936 4257 1971 4320 in
1987 4257 2099 4324 Urnou

598 4348 633 4408 et
661 4343 780 4421 Sronn,
807 4354 840 4405 et
870 4362 968 4425 quum
999 4343 1155 4418 Riesrdus
1182 4344 1389 4430 Chempsyne
1418 4346 1581 4428 quondam
1618 4347 1729 4412 tenuit
1757 4346 1890 4426 ibidem,
1919 4345 2006 4409 siout
2035 4352 2098 4410 ete.

601 4431 801 4508 Subsidium,
816 4428 899 4515 iij.s.
914 4429 1014 4515 idjmd

645 4568 693 4632 De
721 4567 895 4632 heredibus
922 4567 1081 4632 Johsnnis
1111 4567 1251 4654 Segreve
1279 4591 1337 4654 pro
1366 4572 1544 4634 medietate
1575 4590 1631 4636 un.
1661 4569 1685 4634 f.
1716 4591 1760 4634 m.
1789 4590 1887 4654 quem
1916 4574 2029 4634 tenent
2064 4571 2100 4632 in

601 4657 817 4724 Wrrusnenr
840 4661 874 4720 et
901 4656 1086 4737 Amnnrou,
1109 4664 1144 4719 et
1168 4677 1267 4739 quem
1292 4656 1454 4723 Johennes
1479 4657 1617 4744 Segreve
1643 4659 1805 4740 quondum
1833 4658 1941 4722 tenuit
1966 4657 2100 4737 ibidem,

601 4746 687 4808 siout
700 4749 763 4809 eto.
809 4743 1009 4822 Subsidium,
1023 4744 1105 4829 iiis.
1122 4744 1222 4827 iiij.d.

893 4923 1027 4988 Summe
1041 4927 1136 4989 istius
1150 4926 1309 4990 hundredi
1337 4901 1350 5049 [
1378 4883 1756 5036 ggggffifflm-nffivj'
1772 4883 1796 4949 1·

1184 5083 1293 5148 Feods
1306 5083 1454 5186 militum
1464 5106 1506 5146 :—
1518 5084 1620 5170 xlviij.
1636 5083 1659 5150 f.
1676 5084 1779 5147 tercie
1793 5103 1868 5168 pars
1883 5088 1919 5147 eb
1933 5087 1999 5148 tres

1185 5171 1549 5344 Βυδξῗᾶἰὶιῖξυΐι-ῐινῗῑτ.
1567 5257 1661 5346 hijs.
1676 5261 1747 5324 ud.

713 5126 848 5189 Summe
862 5124 974 5188 totalis
988 5130 1115 5209 reoepte

819 5232 895 5275 oum
910 5232 1006 5277 onere

1084 5614 1629 5626 ——-——-—--——..
