5000 7050
557 1023 622 1090 242
1208 1022 1415 1096 LINGOLN.

600 1313 722 1378 Alanus
748 1314 789 1377 de
804 1313 919 1398 Danby
934 1317 1025 1380 tenet
1039 1335 1091 1382 xx.
1106 1317 1230 1399 partem
1240 1315 1256 1399 j
1261 1362 1270 1382 .
1285 1315 1308 1382 f.
1323 1315 1450 1379 invilla
1465 1317 1505 1380 de
1523 1314 1647 1384 sinuo
1662 1315 1840 1384 Bonnmao
1856 1333 1954 1400 quam
1968 1312 2059 1377 idem

559 1401 681 1465 Alanus
696 1402 860 1488 quondam
874 1404 996 1470 tenuit.
1862 1413 1868 1422 '

601 1539 787 1604 Willelmus
802 1541 843 1604 de
858 1540 1089 1625 Huntyngfeld
1105 1545 1196 1605 tenet
1210 1540 1260 1626 iij.
1276 1545 1401 1626 partem
1413 1541 1440 1628 j.
1456 1540 1483 1608 f:
1497 1544 1532 1606 in
1548 1543 1738 1621 Fsarrrron,
1760 1561 1858 1628 quam
1873 1538 2059 1604 Willelmus

559 1627 601 1690 de
617 1627 834 1712 Huntynleld,
850 1630 965 1709 senior,
983 1629 1145 1714 quondam
1160 1630 1282 1694 tenuit.

604 1764 749 1850 Rogerus
762 1766 801 1829 de
817 1763 982 1849 Copeldylr
997 1771 1091 1831 tenet
1101 1766 1129 1852 j.
1145 1765 1169 1832 f.
1183 1767 1219 1830 in
1233 1767 1435 1846 Wrnnanorr,
1451 1766 1537 1853 quod
1554 1767 1699 1852 Rogerus
1714 1766 1755 1830 de
1771 1764 1947 1850 Oopeldylr,
1963 1769 2060 1848 pater

560 1872 649 1930 suus,
665 1853 826 1937 quondam
842 1855 961 1949 tenuit.

604 1990 787 2054 willelmus
801 1991 842 2055 de
858 1990 1087 2076 Huntyngield
1102 1996 1195 2054 tenet
1208 1991 1270 2075 iiij.
1287 1995 1412 2074 partem
1423 1992 1450 2076 j.
1468 1993 1491 2058 f.
1508 1995 1543 2055 in
1558 1993 1669 2059 Brsns
1684 1995 1719 2055 et
1733 1992 1948 2072 Domeros,
1960 2011 2059 2076 quam

561 2077 707 2162 Rogems
720 2078 760 2141 de
775 2077 1003 2162 Huntyngseld
1018 2079 1181 2164 quondam
1194 2081 1314 2144 tenuit.

604 2214 766 2278 Johannes
788 2216 829 2280 de
856 2215 1016 2279 Kirkeion
1042 2220 1133 2279 tenet
1158 2215 1220 2298 iiij.
1237 2219 1364 2299 partem
1382 2215 1410 2301 j.
1423 2215 1445 2284 f.
1460 2217 1495 2279 in
1520 2216 1705 2298 aaaron,
1731 2236 1829 2303 quam
1845 2216 2004 2280 Robertns
2019 2216 2060 2282 dc

562 2301 722 2366 Kirketon
737 2304 900 2388 quondam
914 2305 1032 2369 tenuit.

563 2443 593 2527 'p
607 2442 646 2505 In
662 2441 752 2528 cujus
766 2442 814 2506 rei
828 2442 1064 2522 testimonium,
1079 2445 1144 2508 eto.

1114 2889 1211 2962 AD.
1253 2887 1523 2962 1401-1402.

1013 3069 1620 3142 LYNDSEY—NORTHRITHING.

611 3243 788 3330 inquisicio
802 3247 897 3326 capta
911 3242 998 3326 apud
1013 3240 1125 3306 Castro
1138 3242 1173 3304 in
1189 3242 1333 3325 partibus
1348 3241 1388 3305 de
1403 3241 1571 3325 Lyndescy
1586 3242 1620 3304 in
1636 3241 1794 3306 comitatu
1818 3243 1993 3326 Lincolnie,
2008 3245 2062 3310 die

564 3332 720 3396 Mercurii
733 3333 769 3394 in
784 3331 867 3394 festo
882 3329 1105 3394 Conversionis
1120 3328 1233 3393 Sancti
1247 3329 1343 3393 Pauli
1358 3349 1443 3393 anno
1457 3331 1559 3393 tercio
1573 3331 1659 3415 regis
1673 3329 1807 3394 Henrici
1822 3332 1939 3415 quarti,
1954 3354 2061 3397 coram

566 3419 690 3484 Thoma
705 3418 883 3502 Swynford,
898 3418 1098 3497 vicecomite,
1112 3424 1145 3481 et
1160 3417 1309 3482 iohanne
1323 3416 1363 3480 de
1386 3417 1418 3480 la
1433 3417 1580 3496 Lannde,
1603 3423 1763 3482 escaetore
1789 3417 1913 3482 domini
1927 3423 2012 3504 regis
2026 3425 2061 3485 in

565 3508 711 3595 partibus
748 3506 913 3590 predictis,
942 3526 980 3569 ac
1017 3503 1141 3569 Thoma
1171 3503 1347 3589 Dymmolr,
1375 3504 1528 3584 chivaler,
1557 3511 1591 3569 et
1623 3504 1771 3571 Johanne
1800 3504 1840 3570 de
1873 3505 2062 3593 Skypwytb,

565 3595 786 3660 collectoribus
800 3594 1003 3658 rationabilis
1017 3594 1133 3657 auxilii
1147 3594 1188 3656 ad
1202 3592 1399 3657 Blancheam
1426 3592 1528 3655 filiam
1554 3593 1680 3657 domini
1703 3597 1788 3679 regis
1812 3594 2062 3678 primogenitam

565 3683 781 3747 maritandam
794 3683 830 3745 in
847 3683 993 3766 partibus
1007 3682 1173 3765 predictis,
1187 3681 1340 3744 videlicet
1354 3680 1394 3743 de
1410 3680 1554 3765 quolibet
1568 3680 1662 3743 feodo
1677 3682 1794 3745 militis
1809 3689 1901 3745 bento
1926 3684 1966 3748 de
1987 3706 2061 3771 rege

565 3772 602 3835 in
627 3774 734 3853 capite
757 3772 827 3833 sine
853 3770 961 3832 medio
987 3770 1107 3854 viginti
1130 3769 1222 3833 solid.
1246 3775 1282 3832 et
1308 3767 1349 3830 de
1375 3767 1575 3852 quibuslibet
1589 3768 1709 3852 viginti
1724 3767 1848 3832 bovatis
1865 3780 1946 3835 terre
1961 3775 2062 3836 tentis

566 3861 602 3921 in
617 3860 746 3943 socagio
761 3857 802 3920 de
816 3877 891 3939 rege
904 3858 939 3918 in
955 3858 1059 3939 capite
1074 3859 1144 3919 sine
1157 3856 1266 3919 medio
1277 3856 1427 3918 similiter
1437 3856 1554 3939 viginti
1566 3853 1659 3921 solid.
1669 3861 1703 3919 et
1712 3856 1752 3919 de
1761 3854 1875 3937 majori
1890 3858 1962 3941 plus
1976 3861 2062 3924 etde

566 3941 2061 4114 illailllllitlllllilllillllilzllltll{bilbilillll

567 4119 716 4201 Walesby
740 4118 781 4180 de
806 4117 966 4200 Walesby,
980 4115 1141 4180 Johannis
1156 4116 1313 4180 arundell
1337 4115 1378 4179 de
1403 4114 1520 4199 Saxby,
1536 4116 1669 4180 Roberti
1694 4117 1800 4181 North
1826 4120 1867 4183 de
1888 4119 2063 4207 Thoresby,

566 4205 699 4269 Roberti
728 4204 886 4285 Dissenay
914 4206 954 4267 de
985 4203 1141 4287 Ouresby,
1172 4203 1306 4267 Roberti
1336 4202 1518 4285 Skayname
1546 4204 1588 4267 de
1621 4202 1873 4292 Stalyngburgh,
1904 4207 2064 4275 Johannis

565 4292 720 4357 Nunman
767 4293 808 4354 de
845 4290 1076 4374 Kelyngholm,
1118 4291 1255 4355 Henrici
1290 4292 1330 4354 de
1366 4288 1544 4367 Walsham,
1580 4290 1712 4356 Roberti
1753 4293 1976 4359 Personnencc
2022 4298 2063 4361 de

566 4379 763 4462 Normanby,
793 4378 926 4442 Roberti
953 4378 1022 4461 Pye
1052 4378 1092 4441 de
1118 4377 1216 4461 Riby‚
1244 4376 1370 4441 Thome
1398 4383 1468 4441 atte
1498 4376 1679 4456 Ghaunbre,
1708 4378 1865 4445 Johannis
1895 4382 2002 4467 Hervy
2024 4385 2064 4448 de

565 4467 759 4549 Barnaldby‚
784 4472 819 4529 et
842 4465 1000 4531 Willelmi
1028 4466 1069 4528 de
1093 4463 1258 4529 Waltbam
1286 4466 1325 4529 de
1353 4465 1510 4551 Tetenay‚
1528 4465 1724 4548 juratorum,
1751 4470 1807 4553 qui
1828 4470 1944 4535 dicunt
1969 4492 2065 4557 super

568 4560 806 4619 sacramentum
823 4574 917 4617 auum
933 4554 1019 4638 quod
1031 4574 1084 4617 :-

611 4829 804 4909 Willelmus,
818 4828 969 4892 dominus
983 4828 1013 4891 le
1027 4826 1123 4903 Roos,
1137 4830 1230 4890 tenet
1244 4808 1424 4891 manerium
1440 4828 1480 4892 de
1502 4828 1645 4897 Mauros
1660 4828 1748 4897 Roos
1763 4851 1839 4895 cum
1860 4833 2066 4915 pertinenciis

566 4921 603 4983 in
628 4918 788 4996 Knmnar,
814 4917 958 4994 Ursam,
974 4916 1130 4991 Worron,
1156 4914 1347 4993 Tsoaunou,
1373 4914 1561 4997 Gouxnnm,
1586 4918 1831 4998 Lunnasonon,
1856 4921 2066 5000 Waaoaoma

567 5007 733 5083 Fossam,
749 5004 892 5082 Gnoson,
906 5009 942 5067 et
956 5002 1125 5081 Eunonen,
1140 5006 1180 5065 ut
1192 5002 1233 5064 de
1247 5022 1323 5086 rege
1338 5003 1407 5067 sine
1421 5004 1531 5067 medio
1546 5025 1602 5088 per
1615 5005 1790 5072 baroniam.

610 5144 685 5206 Dux
709 5142 895 5205 Laneastrie
918 5145 1012 5202 tenet
1028 5140 1064 5202 in
1078 5139 1238 5215 Wnaasn
1251 5137 1405 5219 Ensnau,
1421 5140 1539 5219 lirosa,
1555 5141 1703 5222 Kannnr,
1720 5142 1898 5225 Hmnaorn
1915 5144 2065 5228 Hannon,

568 5234 813 5305 Knnmoaonn,
843 5227 1007 5304 Gsoxnos,
1036 5226 1145 5292 Pasva
1181 5226 1381 5303 Lrusnsom
1417 5228 1610 5307 Corawann,
1648 5231 1795 5306 Cannas,
1830 5232 2068 5314 Founnsnowa,

569 5321 757 5395 Tnoaassn,
770 5318 898 5394 Nonou,
913 5315 1096 5390 Burmann,
1119 5314 1287 5391 Taunum,
1302 5314 1475 5394 Wanassr,
1498 5316 1637 5397 Cannar,
1666 5318 1857 5398 Tnoannou,
1880 5320 2068 5400 annnoaa,

570 5408 734 5482 Osooosr,
762 5404 875 5471 Souna
898 5404 1040 5479 Knnsar,
1065 5400 1205 5477 omna,
1230 5402 1424 5479 Nonarum,
1448 5403 1607 5481 Hownou‚
1621 5406 1742 5484 Aenus,
1764 5406 1833 5472 Esn
1855 5406 2066 5489 Raraunum,

569 5496 678 5560 Paava
701 5491 893 5568 Garnnssr,
920 5490 1110 5566 smenon,
1138 5487 1239 5567 Onna,
1266 5488 1443 5567 Swauown‚
1465 5491 1555 5571 laur,
1580 5492 1762 5578 Tauranus,
1776 5494 2016 5577 Housmam,
2032 5504 2067 5561 et

567 5584 700 5648 ananan
713 5578 804 5664 xviij.
820 5578 843 5643 f.
858 5597 902 5643 m.
918 5582 953 5638 et
966 5577 1012 5641 di.
1026 5576 1068 5639 de
1082 5595 1159 5659 rege
1173 5576 1224 5641 i.c.
1240 5597 1298 5660 per
1313 5578 1399 5662 quod
1414 5579 1587 5642 servicium
1601 5580 1765 5662 ignorant.

612 5713 878 5798 Arcbiepiscopus
891 5710 1102 5775 Eboracensis
1118 5715 1209 5773 tenet
1224 5712 1261 5775 in
1278 5712 1543 5781 Sammosuaon
1558 5716 1603 5783 di.
1618 5714 1643 5781 f.
1659 5734 1705 5781 m.
1722 5716 1761 5780 de
1775 5737 1852 5801 rege
1867 5718 1936 5781 sine
1951 5720 2068 5801 medio,

567 5800 808 5959 {lteriffiilirm
837 5798 1068 5883 temporalium
1095 5795 1390 5884 archiepiscopatus
1428 5799 1564 5866 Eboraci
1600 5804 1635 5868 in
1672 5822 1786 5893 puram
1814 5809 1849 5869 eb
1876 5812 2067 5895 perpetuam
