5000 7050
602 1054 665 1119 140
1246 1055 1455 1128 LINGOLN.

644 1341 694 1404 De
709 1340 835 1405 Thoma
848 1342 890 1407 de
904 1342 1073 1408 Burnham
1087 1350 1123 1407 et
1135 1344 1324 1409 tenentibus
1339 1344 1498 1410 Willelmi
1514 1344 1554 1408 de
1570 1344 1687 1427 Wyom
1702 1343 1889 1407 tenentibus
1903 1346 1969 1405 tres
1991 1344 2104 1423 partes

602 1435 637 1495 eb
651 1450 703 1497 xx.
720 1436 847 1513 partem
857 1430 886 1514 j.
903 1432 927 1496 f.
943 1433 979 1494 in
995 1432 1164 1513 ommam,
1180 1454 1260 1517 quas
1275 1433 1460 1500 Willelmus
1475 1431 1515 1495 de
1532 1432 1647 1516 Wyom
1662 1431 1826 1516 quondam
1840 1430 1961 1493 tenuit.

644 1581 694 1646 De
716 1581 823 1664 priore
847 1582 887 1645 de
909 1580 1066 1665 Ormesby
1081 1587 1215 1646 tenente
1238 1580 1339 1667 mJ⁸⁸¹¹¹
1355 1588 1479 1666 partem
1494 1587 1529 1646 eb
1544 1604 1574 1647 x.
1590 1587 1717 1665 partem
1727 1579 1755 1666 j.
1771 1580 1796 1645 f.
1811 1580 1847 1643 in
1864 1578 2009 1663 predicta
2024 1577 2104 1641 villa

600 1668 645 1753 de
660 1667 921 1759 Omasaaquas
936 1670 1103 1753 predictus
1117 1669 1304 1737 Willelmus
1318 1670 1480 1758 quondam
1496 1669 1616 1735 tenuit.

645 1817 695 1882 De
730 1818 872 1902 capitulo
903 1818 1071 1883 Linoolnie
1103 1824 1236 1884 tenente
1266 1820 1361 1905 iiijmn
1387 1825 1515 1903 partem
1542 1820 1571 1903 j.
1599 1818 1623 1882 f.
1649 1822 1684 1883 in
1715 1818 1859 1902 predicta
1886 1815 1974 1896 villa,
2003 1834 2104 1899 quam

602 1906 769 1988 predictus
780 1905 963 1970 Willelmua
976 1908 1140 1989 quondam
1154 1908 1277 1972 tenuit.

644 2058 695 2124 De
709 2059 848 2123 Rieardo
862 2059 901 2123 de
915 2060 981 2123 Hal
996 2067 1132 2126 tenente
1147 2062 1242 2146 viij¹¹¹²
1257 2068 1382 2147 partem
1394 2062 1422 2147 j.
1439 2061 1463 2127 f.
1480 2062 1515 2125 in
1531 2062 1611 2127 Gna.

645 2209 694 2274 De
707 2210 779 2273 Aba
792 2211 833 2273 de
848 2210 1059 2297 Swylyngton
1074 2216 1110 2276 eb
1124 2213 1265 2297 Hugone
1281 2212 1388 2295 Busoy
1402 2216 1536 2276 tenente
1553 2215 1618 2274 tres
1633 2213 1742 2294 partes
1760 2212 1795 2274 eb
1809 2209 1867 2293 xij.
1885 2214 2008 2293 partem
2032 2208 2060 2291 j.
2077 2208 2104 2271 f.

602 2296 638 2359 in
654 2297 814 2363 Kaumana
827 2305 862 2362 et
876 2300 968 2377 alibi,
982 2320 1061 2382 quas
1077 2299 1262 2365 Willelmus
1276 2301 1367 2384 Dyve
1382 2300 1546 2383 quondam
1560 2300 1681 2363 tenuit.

645 2446 891 2601 DedRadbiglpbtg
905 2449 1009 2515 Maleb
1023 2440 1156 2516 tabente
1171 2452 1228 2535 vij„
1244 2455 1371 2536 partem
1393 2452 1436 2515 di.
1453 2451 1477 2516 f.
1493 2452 1529 2514 in
1544 2450 1737 2529 Wonmem,
1753 2470 1833 2532 quas
1849 2449 1953 2512 Adam
1968 2448 2007 2511 de
2023 2442 2114 2530 Hyk'

602 2557 689 2620 quon
714 2558 767 2601 am
817 2558 901 2603 nm.

645 2688 695 2751 De
710 2689 812 2752 Alano
827 2690 956 2755 Maleak
971 2694 1104 2756 tenente
1118 2691 1180 2778 iiij.
1197 2696 1324 2776 parbem
1334 2692 1363 2777 j.
1379 2690 1403 2757 f.
1419 2694 1455 2754 in
1470 2694 1663 2771 Wonamaa,
1679 2711 1779 2775 quam
1793 2689 1950 2753 Ricardua
1965 2688 2104 2773 Grispyn

601 2776 766 2859 quondam
779 2778 899 2843 tenuit.

645 2928 695 2993 De
717 2932 822 3011 priore
843 2930 884 2994 de
904 2929 1039 2995 Elsham
1061 2936 1193 2996 tenente
1215 2932 1351 2997 terciam
1373 2938 1498 3016 partem
1518 2931 1547 3017 j.
1561 2934 1585 2999 f.
1601 2934 1636 2995 in
1660 2933 1814 3009 Ensfflm,
1827 2950 1926 3014 quam
1941 2928 2102 2993 Robertus

587 3047 590 3051 >
602 3016 643 3081 de
657 3016 797 3082 Mohaub
811 3018 975 3103 quondam
990 3020 1108 3084 tenuit.

645 3153 695 3218 De
716 3154 841 3217 Thoma
861 3157 902 3219 de
924 3156 1030 3240 Nevyl
1050 3165 1085 3221 et
1106 3156 1230 3221 Thoma
1252 3157 1293 3221 de
1317 3159 1424 3223 Rasen
1445 3157 1637 3222 tenentibus
1658 3178 1715 3223 un.
1738 3156 1762 3224 f.
1785 3158 1820 3219 in
1844 3156 1991 3232 Bmm,
2012 3152 2099 3238 quod

604 3242 703 3326 Hugo
717 3242 758 3305 de
775 3243 878 3326 Nevyl
892 3244 1055 3326 quondam
1070 3247 1188 3309 tenuit.
1998 3240 2010 3267 '

643 3380 693 3444 De
715 3379 866 3445 Johanne
888 3381 1013 3465 Deaeny
1034 3387 1168 3446 tenente
1192 3382 1291 3470 iiijwn
1314 3387 1440 3466 parbem
1462 3385 1487 3469 j.
1512 3384 1534 3450 f.
1560 3386 1611 3469 in,
1624 3386 1789 3462 Gabaioi«,
1810 3402 1908 3467 quam
1932 3379 2101 3445 Galfridua

602 3468 690 3533 filius
704 3468 831 3534 Andree
845 3470 1009 3554 quondam
1025 3471 1141 3535 tenuit.

645 3608 695 3673 De
716 3609 882 3674 Willelmo
902 3611 944 3674 de
966 3610 1089 3695 Keleby
1112 3617 1246 3676 tenente
1268 3609 1368 3699 iiijtun
1390 3617 1515 3697 partem
1537 3614 1562 3698 j.
1578 3613 1602 3676 f.
1618 3614 1653 3676 in
1677 3613 1826 3689 Kabana,
1840 3630 1938 3696 quam
1960 3608 2105 3673 Thomas

602 3695 755 3762 Bordoun
770 3698 932 3782 quondam
947 3701 1066 3764 tenuit.
1167 3714 1172 3725 ·

645 3834 694 3898 De
717 3834 837 3900 abbate
863 3835 902 3898 de
925 3833 1078 3899 Neuhous
1101 3843 1234 3901 tenente
1257 3835 1359 3924 ffijaa
1383 3843 1510 3922 parbem
1531 3837 1559 3921 j.
1575 3837 1598 3902 f.
1615 3839 1650 3900 in
1676 3837 1826 3916 Kaaaam
1839 3855 1938 3920 quam
1962 3835 2105 3898 Thomas

605 3921 755 3987 Bordoun
770 3923 936 4001 prediatus
950 3923 1113 4006 quondam
1129 3927 1264 3990 tenuit.-

647 4058 697 4122 De
712 4059 733 4122 J
734 4057 860 4122 ohanne
876 4057 1013 4142 Oriapyn
1027 4064 1160 4126 tenente
1177 4060 1221 4147 vj.
1238 4066 1366 4145 parbem
1381 4063 1405 4147 j.
1422 4062 1446 4128 f.
1462 4063 1498 4126 in
1513 4063 1661 4127 Kabana.

647 4194 696 4258 De
710 4195 829 4260 abbate
843 4196 884 4259 de
899 4194 1069 4260 Thomton
1083 4201 1217 4263 tenente
1228 4198 1256 4284 j.
1273 4201 1296 4266 f.
1312 4201 1348 4264 in
1364 4201 1508 4268 Womoa
1525 4204 1558 4262 eb
1574 4199 1719 4278 Gousm,
1734 4197 1820 4282 quod
1843 4197 1956 4261 Simon
1983 4197 2023 4261 de
2038 4195 2108 4260 Ver

604 4281 767 4366 quondam
782 4283 904 4350 tenuit.

648 4420 697 4483 De
723 4420 880 4484 Edwardo
906 4419 1041 4484 Charles
1065 4426 1201 4487 tenente
1230 4423 1276 4488 di.
1307 4425 1331 4488 f.
1357 4426 1392 4487 in
1423 4425 1647 4500 Gaamemm,
1676 4421 1760 4505 quod
1791 4421 1976 4484 willelmus
2004 4421 2046 4485 de
2075 4422 2109 4484 la

606 4507 780 4573 Wardrobe
795 4508 958 4592 quondam
973 4511 1094 4574 tenuit.

648 4643 698 4708 De
712 4641 885 4708 heredibus
900 4645 1019 4731 Rogeri
1033 4645 1073 4710 de
1088 4646 1208 4711 Sancto
1222 4647 1369 4753 Martino
1384 4649 1574 4713 tenentibus
1589 4647 1634 4712 di.
1649 4645 1676 4712 f.
1691 4648 1727 4711 in
1742 4646 1984 4712 Massiuam.

649 4783 698 4847 De
713 4780 886 4866 Ranulpho
900 4784 940 4846 de
956 4781 1076 4870 Otteby
1091 4789 1226 4850 tenente
1242 4786 1375 4852 terciam
1391 4790 1518 4871 partem
1533 4787 1558 4871 j.
1575 4787 1598 4852 f.
1609 4787 1643 4849 in
1660 4787 1777 4865 coms,
1801 4805 1898 4868 quam
1922 4784 2108 4856 Willelmus

605 4872 646 4936 de
662 4869 795 4955 Oarleby
810 4871 973 4954 quondam
989 4874 1108 4937 tenuit.

649 5010 698 5074 De
718 5011 832 5074 eodem
855 5007 1028 5092 Ranulpho
1050 5015 1186 5075 tenente
1209 5013 1345 5076 terciam
1368 5017 1494 5095 partem
1516 5011 1540 5096 j.
1565 5011 1588 5075 f.
1609 5012 1645 5074 in
1667 5011 1813 5088 laenam,
1828 5030 1927 5093 quam
1949 5008 2108 5073 Ricardus

606 5100 647 5163 de
661 5099 767 5163 Ponte
782 5098 945 5183 quondam
960 5099 1080 5165 tenuit.

650 5237 698 5300 De
730 5236 903 5320 Radulpbo
936 5235 1060 5320 Paynel
1085 5241 1220 5302 tenente
1242 5237 1288 5302 di.
1312 5237 1336 5303 f.
1360 5239 1394 5301 in
1418 5236 1592 5305 Cammoa
1616 5237 1760 5316 Piman,
1780 5236 1867 5319 quod
1890 5235 2052 5300 Henrieus
2075 5237 2106 5299 le

606 5326 724 5389 Portet
737 5326 899 5408 quondam
914 5326 1034 5389 tenuit.

649 5463 697 5527 De
718 5464 837 5528 abbate
859 5462 900 5526 de
922 5460 1065 5548 Barlyng
1085 5465 1219 5527 tenente
1241 5463 1287 5528 di.
1309 5461 1333 5527 f.
1357 5463 1392 5526 in
1413 5463 1561 5547 predieta
1582 5462 1662 5528 villa
1684 5461 1725 5528 de
1753 5463 1926 5531 Omamob
1958 5461 2105 5550 Pamma,

606 5553 692 5636 quod
706 5553 873 5636 prediatus
887 5549 1048 5612 Henrieua
1062 5548 1094 5613 le
1109 5549 1224 5613 Porber
1238 5552 1402 5635 quondam
1417 5551 1537 5615 tenuit.

648 5689 700 5754 De
713 5686 852 5754 Ricardo
866 5686 1001 5751 Alisoun
1014 5691 1050 5751 et
1063 5687 1168 5750 Alicia
1181 5687 1222 5752 de
1235 5687 1269 5751 N
1270 5687 1344 5772 evyl
1358 5688 1551 5755 benentibus
1566 5687 1669 5776 iiijbm
1684 5697 1812 5772 parbem
1821 5686 1850 5770 j.
1864 5685 1888 5750 f.
1900 5686 1936 5750 in
1952 5685 2106 5752 Rama.

649 5827 700 5893 De
713 5824 862 5892 Jobanne
876 5824 916 5887 de
930 5823 1072 5888 Hondon
1086 5829 1219 5889 tenente
1234 5823 1357 5909 xiiij¹⁸f¹¹
1373 5831 1499 5910 pubem
1513 5826 1537 5910 j.
1554 5823 1577 5890 f.
1593 5826 1628 5888 in
1643 5827 1802 5902 Donum,
1816 5843 1914 5907 quam
1930 5822 2048 5888 Petrus
2066 5824 2107 5886 de

607 5913 785 5998 Campania
798 5911 963 5997 quondam
979 5911 1099 5976 tenuit.
