5000 7050
1108 1089 1327 1159 NORFOLK.
1910 1085 1972 1150 651

513 1366 690 1454 Gregorius
704 1375 746 1438 de
761 1376 926 1443 Holkham
943 1384 1035 1442 tenet
1050 1380 1075 1464 j.
1091 1393 1197 1462 quart.
1214 1381 1237 1445 f.
1256 1402 1301 1446 m.
1318 1379 1358 1442 de
1374 1378 1489 1442 herede
1514 1377 1646 1441 Roberti
1671 1377 1798 1454 Brome,
1825 1379 1859 1438 et
1885 1372 1972 1436 idem

469 1451 509 1514 de
525 1459 644 1521 comite
658 1461 857 1544 Arundellie,
870 1472 906 1529 et
919 1466 1007 1530 idam
1021 1468 1060 1530 de
1075 1487 1160 1550 rege.

513 1590 626 1658 Simon
641 1596 671 1661 le
686 1599 809 1665 Veutre
826 1608 917 1667 tenet
931 1605 965 1668 in
982 1606 1151 1670 Houunau
1166 1604 1259 1690 xvj⁸¹¹¹
1276 1612 1403 1689 partem
1415 1605 1442 1688 j.
1460 1604 1483 1669 s.
1495 1627 1541 1670 m.
1554 1604 1594 1667 de
1609 1602 1756 1667 Johanne
1771 1600 1811 1664 de
1826 1598 1970 1683 Clytien>

469 1683 503 1741 et
517 1679 605 1745 idem
621 1685 663 1748 de
677 1707 754 1772 rege
768 1692 823 1757 i.c.
839 1692 1045 1775 quiquidem
1061 1692 1225 1756 Johannea
1240 1700 1305 1759 etc.
1326 1699 1373 1772 (os
1389 1695 1515 1776 before).

513 1818 670 1886 Ricardus
694 1824 823 1909 Smyth,
848 1827 1010 1892 Robertus
1035 1830 1231 1909 Tounewell,
1245 1836 1280 1893 et
1294 1830 1456 1893 Henricus
1472 1828 1625 1892 Dorward
1642 1833 1758 1891 tenent
1772 1827 1817 1889 di.
1834 1824 1857 1889 s.
1874 1846 1920 1890 m.
1937 1824 1971 1884 in

469 1904 637 1974 Houunsu
652 1910 693 1973 de
708 1913 840 1978 domino
855 1914 896 1977 de
923 1916 1064 1993 Bardoli‚
1088 1923 1123 1980 et
1147 1917 1236 1981 idem
1259 1918 1299 1981 de
1325 1919 1475 2000 episcopo
1501 1915 1651 1994 Norwici,
1674 1919 1709 1978 et
1735 1913 1904 1997 episcopus
1931 1911 1971 1974 de

469 2013 545 2078 rege
561 2001 623 2062 etc.
644 2003 692 2077 (aa
707 2001 835 2083 before).

513 2133 606 2198 Prior
637 2135 678 2200 de
715 2138 888 2204 Peterstou
925 2148 1014 2206 tenet
1043 2144 1078 2205 in
1107 2144 1276 2209 Honsnau
1308 2149 1342 2206 et
1382 2145 1573 2210 dervensis
1604 2143 1648 2205 di.
1679 2141 1703 2204 f.
1735 2161 1780 2204 m.
1811 2139 1851 2201 de
1888 2138 1970 2200 duce

467 2219 669 2322 lancastrie,
683 2232 721 2327 ut
736 2225 776 2290 de
791 2229 934 2292 manerio
949 2231 989 2293 de
1002 2229 1181 2314 Wyghton,
1196 2237 1230 2294 et
1245 2231 1302 2293 ille
1319 2232 1357 2294 de
1373 2251 1458 2316 rege,
1473 2230 1560 2313 quod
1574 2228 1709 2313 quidem
1725 2226 1907 2289 manerium
1922 2233 1972 2288 est

467 2327 503 2370 m
518 2330 616 2376 manu
634 2332 731 2398 regis.

511 2447 675 2514 Walterus
704 2453 745 2515 de
775 2452 956 2518 Wolterton
988 2461 1079 2521 tenet
1107 2458 1142 2518 in
1170 2457 1393 2522 annanuruo
1420 2457 1465 2520 di.
1490 2457 1513 2520 f.
1542 2477 1587 2521 m.
1615 2455 1655 2518 de
1687 2451 1803 2516 herede
1834 2450 1970 2514 Robsrti

469 2532 636 2617 Carbonel‚
652 2545 687 2603 et
701 2541 789 2603 idem
805 2543 845 2605 de
859 2540 984 2605 Thoma
999 2544 1204 2628 Moumbray,
1218 2544 1337 2622 milite,
1351 2553 1414 2608 etc.
1433 2550 1480 2622 (oa
1496 2545 1622 2626 before).

514 2684 696 2752 Willelmus
723 2688 852 2774 Gybbes
874 2698 909 2755 et
934 2695 1114 2774 parcensrii
1140 2695 1190 2757 sui
1216 2698 1329 2757 tenent
1345 2695 1380 2755 in
1396 2693 1619 2758 Faunsnuruo
1635 2691 1679 2755 di.
1696 2691 1720 2756 f.
1737 2712 1782 2756 m.
1799 2689 1839 2753 de
1856 2689 1971 2752 herede

469 2773 593 2837 domini
611 2774 741 2840 Roberti
757 2778 938 2857 carbonell,
953 2782 1082 2859 militis,
1096 2787 1132 2844 et
1145 2781 1233 2844 idem
1248 2783 1289 2844 de
1305 2778 1430 2843 Thoma
1445 2780 1639 2864 Moumbray
1655 2785 1717 2842 etc.

513 2921 705 2989 Vincensius
721 2930 790 3006 (sic)
808 2928 848 2991 de
864 2928 1002 2993 Bathele
1016 2938 1050 2995 et
1065 2930 1234 2994 Galfridus
1253 2931 1422 2997 Somerton
1437 2932 1552 2992 tenent
1577 2929 1612 2990 in
1639 2929 1797 2993 Daunius
1823 2927 1847 3011 j.
1864 2931 1970 3008 quart.

469 3008 493 3072 f.
509 3030 554 3074 m.
572 3010 612 3073 de
635 3013 752 3077 herede
775 3015 910 3080 Roberti
933 3019 963 3081 le
978 3012 1090 3101 Vyrly,
1106 3023 1141 3082 et
1155 3019 1244 3082 idem
1261 3017 1301 3081 de
1317 3018 1449 3080 domino
1465 3015 1600 3078 Bardolf
1612 3025 1675 3080 etc.
1696 3023 1742 3094 (os
1757 3018 1791 3080 br
1813 3017 1919 3093 1346),
1937 3019 1971 3076 et

468 3114 554 3159 nnnc
568 3118 674 3162 comes
689 3102 879 3167 Arundellie
893 3110 985 3168 tenet
1000 3107 1041 3169 de
1056 3126 1143 3190 rege.

512 3234 652 3300 Thomas
667 3238 778 3302 Estlee
793 3247 884 3305 tenet
900 3244 934 3304 in
952 3243 1210 3309 Hrnnarnonnu
1226 3245 1251 3330 j.
1265 3247 1371 3325 quart.
1384 3240 1406 3307 f.
1418 3264 1463 3309 m.
1474 3241 1514 3304 de
1530 3242 1662 3304 domino
1679 3239 1822 3316 Bardolf,
1833 3245 1866 3303 et
1882 3238 1972 3301 idem

469 3321 511 3384 de
525 3323 678 3407 episcopo
693 3326 830 3391 Norwici
844 3335 906 3394 etc.
926 3336 973 3408 (oa
989 3333 1115 3414 before).

513 3459 677 3524 lohannes
700 3463 888 3548 Kyrkemau
917 3472 952 3531 et
976 3470 1156 3551 parcenarii
1184 3468 1233 3532 sui
1261 3472 1377 3534 tenent
1406 3469 1440 3532 in
1472 3469 1731 3535 Hrnunruouau
1756 3466 1801 3531 di.
1817 3465 1841 3531 f.
1858 3485 1903 3531 m.
1932 3464 1972 3529 de
2032 3475 2035 3482 '

469 3546 594 3612 Thoma
609 3549 732 3630 Estlee,
747 3559 781 3617 et
796 3554 883 3617 idem
899 3556 939 3618 de
955 3557 1105 3640 episcopo
1120 3557 1150 3619 N
1153 3557 1261 3619 orwici
1276 3564 1338 3621 etc.

512 3685 615 3750 Heres
629 3692 757 3753 comitis
772 3692 917 3755 Marchie
933 3698 1027 3758 tenet
1041 3694 1074 3757 in
1092 3696 1200 3761 Pnuva
1215 3694 1452 3762 Wansruonnu
1464 3694 1491 3777 j.
1509 3695 1532 3759 f.
1550 3716 1595 3760 m.
1613 3698 1643 3756 et
1662 3692 1707 3757 di.
1724 3690 1921 3775 doregele.
1938 3694 1972 3754 et

469 3773 565 3837 modo
579 3779 679 3840 estin
695 3798 796 3843 mann
811 3782 897 3863 regis
912 3786 973 3844 etc.

512 3910 603 3974 Prior
629 3913 669 3975 de
685 3913 918 4001 Wolsyngham
943 3922 1035 3979 tenet
1060 3916 1095 3978 in
1121 3915 1237 3979 eadem
1256 3916 1334 3979 villa
1349 3916 1500 3999 quintum
1516 3918 1641 3997 partem
1653 3914 1680 3995 j.
1697 3913 1719 3977 f.
1736 3934 1780 3979 m.
1797 3912 1837 3974 de
1854 3911 1971 3975 herede

467 4000 597 4062 comitis
612 3999 770 4078 Marchie,
784 4003 880 4065 modo
894 4003 930 4064 in
946 4023 1046 4065 manu
1060 4005 1147 4086 regis
1161 4010 1223 4069 etc.

512 4137 614 4201 Heres
628 4140 757 4204 mmitis
771 4139 917 4205 hlarchie
933 4147 1027 4204 tenet
1041 4141 1075 4204 in
1092 4142 1214 4208 Massa
1229 4143 1466 4210 Wansruousu
1482 4140 1505 4225 j.
1522 4138 1543 4205 f.
1559 4161 1604 4205 m.
1620 4138 1659 4201 de
1673 4158 1749 4223 rege
1765 4138 1818 4203 i.c.
1833 4142 1894 4201 etc.

468 4273 686 4427 uaEddardls
712 4277 817 4363 Halys
843 4285 933 4343 tenet
960 4280 995 4342 iu
1022 4280 1144 4345 Manus
1173 4280 1410 4347 Wausruonnu
1447 4278 1469 4361 j.
1499 4277 1522 4342 f.
1552 4280 1593 4341 de
1631 4275 1816 4351 Edmundo,
1851 4274 1971 4339 comite

467 4397 480 4421 ι
525 4382 559 4425 rc
583 4383 702 4441 1e‚ec.

510 4497 687 4581 lohannes,
702 4502 789 4567 iilius
811 4504 944 4569 Roberti
969 4506 1104 4589 Draper‚
1127 4505 1166 4568 de
1181 4503 1425 4588 Walayngham,
1442 4508 1534 4566 tenet
1548 4503 1582 4566 in
1599 4504 1719 4568 Misus
1734 4503 1970 4601 Wansrnonsn

467 4585 524 4738 32}
524 4587 558 4738 g,
569 4609 624 4738 reno
630 4590 670 4653 de
684 4589 802 4655 herede
816 4593 947 4656 comilis
961 4594 1119 4670 Marchie‚
1134 4599 1168 4655 et
1182 4593 1270 4656 idem
1286 4591 1324 4654 de
1340 4612 1425 4677 rege,
1440 4598 1588 4653 vocatum
1606 4592 1803 4669 Homnae,
1824 4597 1858 4652 et
1883 4590 1969 4651 rdem

510 4812 650 4878 Thomas
673 4814 788 4899 Sylkes
812 4838 946 4883 manens
964 4819 1002 4896 (l)
1020 4820 1053 4882 in
1079 4820 1240 4902 Oldlynne
1266 4824 1300 4881 et
1325 4816 1488 4881 ,Iohannes
1518 4815 1606 4880 hlere
1636 4820 1751 4879 tenent
1781 4816 1969 4877 tenemento

466 4902 629 4980 quondam
644 4902 782 4967 Walteri
797 4906 915 4970 Hakon
932 4907 965 4968 in
982 4908 1150 4973 Houunan
1165 4927 1224 4989 per
1240 4906 1412 4968 servicium
1427 4904 1519 4988 xvjme
1536 4905 1638 4987 partis
1653 4902 1677 4968 f.
1694 4924 1739 4969 m.
1761 4901 1802 4964 de
1818 4899 1968 4964 lohanne

466 4986 636 5069 Halsham,
651 4998 686 5053 et
699 4992 787 5054 idem
803 4993 841 5055 de
856 4994 990 5056 domina
1005 4994 1180 5073 Cromwell,
1196 5000 1231 5057 et
1245 4993 1358 5056 eadem
1374 4991 1412 5054 de
1429 5011 1513 5077 rege.

509 5122 601 5188 Prior
616 5126 656 5189 de
671 5126 848 5211 Angleseye
862 5136 956 5193 tenet
969 5132 1006 5193 in
1022 5132 1142 5197 Maoua
1157 5132 1392 5198 Wanaruounu
1409 5128 1453 5193 di.
1471 5130 1494 5194 f.
1511 5150 1555 5195 m.
1572 5127 1734 5213 quondam
1750 5122 1965 5209 Collyngham

464 5210 504 5275 de
517 5212 637 5277 herede
654 5217 784 5277 comitis
797 5214 954 5297 Marchie,
970 5224 1004 5281 et
1018 5219 1108 5282 idem
1123 5219 1164 5282 de
1179 5238 1253 5303 rege
1269 5226 1332 5283 eto.

508 5351 621 5415 Simon
636 5356 675 5418 de
690 5354 783 5434 Aula,
799 5373 886 5417 nunc
901 5356 1035 5419 domina
1051 5357 1090 5419 de
1106 5357 1219 5440 Halys,
1236 5364 1351 5419 tenent
1378 5358 1412 5418 in
1429 5356 1582 5423 ll'suuau
1598 5350 1669 5437 vjt¹¹¹
1687 5358 1814 5433 partem
1836 5348 1904 5433 j.t.
1920 5372 1965 5416 m.

464 5444 497 5499 et
523 5448 604 5501 xxnm
620 5448 749 5525 partem
775 5445 799 5530 j.
815 5444 837 5505 f.
863 5440 904 5505 de
927 5447 1047 5507 comite
1075 5443 1347 5507 Westmorlandie
1371 5448 1404 5506 et
1432 5444 1564 5511 Simone
1589 5441 1619 5503 le
1641 5438 1779 5517 Vewtre,
1806 5444 1840 5500 et
1865 5438 1965 5539 isdem

463 5532 578 5591 tenent
600 5530 782 5612 predictam
808 5530 881 5615 vj⁸¹¹¹
898 5539 1029 5615 partem
1055 5530 1096 5593 de
1119 5532 1239 5594 comite
1264 5530 1463 5608 Arundellie,
1485 5536 1518 5592 et
1533 5547 1641 5591 comes
1656 5527 1697 5589 de
1712 5546 1800 5610 rege,
1817 5532 1850 5587 et
1864 5526 1966 5587 udem

463 5617 579 5678 tenent
592 5618 772 5700 predictam
788 5626 868 5681 „m
883 5625 1010 5703 partem
1025 5619 1064 5682 de
1080 5618 1200 5682 honore
1216 5620 1257 5681 de
1272 5616 1493 5701 Rychemond,
1510 5618 1566 5701 qui
1582 5624 1644 5679 etc.
1664 5620 1711 5694 (oc
1727 5614 1853 5697 before).

507 5770 645 5836 Thomas
670 5773 763 5860 Pony
779 5781 870 5838 tenet
892 5777 926 5838 in
943 5775 1095 5842 Wauuau
1120 5776 1271 5858 quintam
1295 5781 1421 5857 partem
1447 5774 1471 5859 j.
1489 5772 1511 5837 f.
1530 5793 1574 5836 m.
1592 5778 1625 5833 et
1641 5774 1713 5831 octo
1729 5765 1966 5866 denariatas-de

463 5853 627 5923 Willelmo
650 5861 785 5942 Jurdou,
810 5869 844 5926 et
867 5864 954 5926 idem
978 5865 1018 5925 de
1044 5863 1224 5947 Reginaldo
1248 5860 1426 5947 lngcsseld‚
1456 5868 1489 5925 et
1515 5861 1601 5922 idem
1630 5858 1669 5919 de
1694 5854 1812 5918 herede
1837 5858 1967 5917 comitis

463 5942 617 6029 biarchis,
633 5956 667 6012 et
681 5951 772 6014 idern
787 5950 826 6014 de
840 5971 915 6035 rege
930 5960 993 6017 etc.
1013 5956 1060 6030 (os
1076 5952 1204 6033 before).
