5000 7050
1133 1100 1215 1170 Ab.
1240 1103 1335 1171 1428.

1169 1398 1301 1458 laxatur
1316 1395 1357 1457 ad
1639 1390 1827 1456 Subsidium

527 1528 671 1593 Ecclesia
685 1529 724 1593 de
737 1531 894 1596 Lanoros
1135 1532 1250 1617 xvj.m.

611 1713 634 1748 ‚,
735 1668 889 1735 Asprenas
1135 1692 1165 1734 ν.
1175 1693 1217 1735 m.
1227 1671 1274 1734 di.
1566 1668 1646 1751 vj.a.
1662 1668 1773 1751 viija.

525 1802 661 1867 Summa
676 1805 856 1868 taracionis
871 1805 1079 1870 ecclesiarum
1094 1809 1128 1869 et
1141 1806 1334 1869 vicariatum
1348 1805 1580 1889 predictarum.
1626 1804 1726 1868 Snbs:
1744 1804 1826 1869 xxix.
1838 1807 1872 1870 li.
1890 1827 1919 1871 v.
1930 1832 1957 1872 a.

527 1939 662 2005 Summa
675 1942 853 2007 taxacionis
868 1942 928 2027 iiij.
945 1942 1151 2007 ecclesiarum
1166 1943 1251 2007 infra
1265 1966 1295 2008 x.
1312 1963 1444 2008 marces.
1490 1942 1589 2007 Subs:
1606 1942 1725 2027 xxvj.s.
1742 1943 1812 2028 viij.
1823 1946 1856 2009 d.

527 2105 575 2167 De
596 2106 705 2190 aliquo
731 2104 918 2191 hujusmodi
941 2107 1083 2171 subsidio
1107 2106 1254 2190 parochie
1273 2107 1406 2171 ecclesie
1430 2105 1471 2169 de
1494 2106 1728 2185 Bunnsucron,
1743 2106 1860 2189 quoad
1875 2128 1979 2172 xum.

481 2191 523 2255 ab
538 2195 672 2276 antiquo
687 2194 860 2257 taxabatur
873 2215 932 2277 per
945 2214 1079 2273 annum,
1096 2214 1161 2258 non
1177 2196 1384 2277 respondent,
1401 2214 1440 2257 eo
1457 2194 1542 2277 quod
1557 2213 1621 2257 non
1638 2197 1725 2272 sunt,
1750 2214 1808 2257 nec
1833 2196 1979 2277 tempore

482 2282 697 2343 concessionis
720 2280 854 2344 subsidii
870 2282 1008 2364 predicti
1031 2302 1088 2345 seu
1102 2286 1212 2365 postea
1227 2282 1371 2359 fuerunt,
1385 2282 1470 2345 infra
1484 2280 1668 2365 parochiam
1684 2280 1820 2344 ecclesie
1835 2282 1981 2365 predicte

481 2367 593 2431 decem
606 2367 828 2433 inhabitantes
845 2369 1011 2432 domicilia
1026 2374 1187 2448 tenentes,
1201 2374 1240 2433 ut
1255 2370 1371 2432 dicunt
1385 2375 1448 2435 etc.

527 2533 692 2615 Sira-ilorly
699 2534 758 2618 sor·
773 2534 822 2599 the
833 2535 980 2617 porislrcs
996 2534 1093 2617 os:—

614 2671 723 2736 Psnvs
737 2671 979 2749 Bassnwosrn,
996 2669 1157 2736 Lnnsoan
1173 2670 1298 2749 Maron,
1315 2669 1476 2735 Lunsoan
1492 2670 1618 2735 Mrnoa.

920 2949 946 3013 P
948 2968 1107 3015 ENSIONES
1130 2967 1165 3013 IN
1188 2969 1356 3015 DECANATU
1379 2969 1549 3014 Pnsmcno.

528 3108 577 3171 De
592 3108 700 3193 aliquo
715 3107 901 3193 hujusmodi
916 3110 1061 3174 subsidio
1076 3112 1242 3194 pensionis
1257 3112 1370 3194 prioris
1385 3112 1426 3175 de
1435 3110 1531 3174 Ware
1545 3111 1581 3174 in
1596 3111 1781 3195 supradicta
1795 3110 1929 3175 ecclesia
1943 3112 1984 3175 de

487 3194 668 3275 somnior,
685 3217 748 3279 que
763 3197 805 3260 ad
820 3196 889 3282 xiij.
899 3219 925 3263 s.
942 3198 1003 3283 iiij.
1013 3200 1044 3263 (1.
1060 3199 1100 3262 ab
1114 3198 1250 3281 antiquo
1264 3199 1436 3264 taxabatur
1458 3218 1516 3281 per
1539 3219 1660 3262 annum
1685 3219 1749 3262 non
1775 3200 1984 3283 respondent,

483 3304 522 3345 eo
549 3282 635 3365 quod
659 3284 787 3347 nullum
813 3282 1001 3368 hujusmodi
1027 3285 1206 3349 subsidium
1223 3286 1346 3350 virtute
1361 3287 1574 3349 concessionis
1588 3287 1733 3370 predicte
1748 3287 1789 3349 ad
1803 3306 1883 3369 opus
1897 3288 1985 3370 ragis

482 3369 580 3432 levari
595 3370 703 3450 debet,
719 3391 756 3433 ac
770 3391 827 3455 pro
843 3392 881 3435 eo
896 3373 982 3455 quod
1007 3372 1108 3436 iidem
1133 3373 1315 3437 collectores
1342 3374 1469 3437 nullum
1492 3373 1679 3457 hujusmodi
1704 3372 1882 3437 subsidium
1909 3373 1984 3436 inde

483 3457 669 3521 levaverunt
697 3478 757 3522 nec
785 3464 1007 3545 perceperunt,
1038 3467 1076 3524 ut
1104 3461 1218 3526 dicunt
1248 3482 1344 3546 super
1373 3465 1613 3526 sacramentum
1649 3480 1744 3526 suum
1779 3457 1982 3548 [caracellod].

484 3543 670 3609 Onerantur
683 3566 776 3630 super
790 3552 978 3632 compotum
993 3549 1034 3612 de
1049 3550 1154 3633 xvj.d.

527 3681 572 3744 Et
595 3687 772 3747 onerantur
794 3705 890 3768 super
916 3690 1104 3769 compotum
1127 3686 1168 3750 de
1192 3685 1298 3769 xvjd.
1324 3687 1365 3750 de
1389 3685 1544 3770 pensione
1569 3686 1683 3770 prioris
1707 3686 1748 3749 de
1774 3685 1933 3775 Torlresey
1948 3687 1984 3749 in

485 3768 617 3833 ecclesia
631 3769 672 3832 de
687 3771 869 3839 Wrsnnsr.

528 3908 573 3970 Et
596 3914 770 3972 onerentur
794 3931 890 3993 super
912 3916 1100 3995 compotum
1124 3884 1166 3976 de
1180 3913 1288 3999 vitta.
1316 3913 1357 3978 de
1381 3912 1533 3996 pensione
1558 3911 1686 3976 abbatis
1701 3911 1741 3976 de
1758 3911 1935 3997 Berlynges
1949 3911 1985 3973 in

483 3994 619 4059 ecclesia
634 3995 673 4060 de
692 3997 879 4064 Srnnnouo,

528 4133 572 4196 Et
598 4140 774 4198 onerantur
798 4156 892 4220 super
916 4140 1103 4220 compotum
1129 4137 1171 4200 de
1194 4135 1278 4222 iija.
1302 4137 1342 4202 de
1367 4138 1521 4220 pensione
1544 4135 1673 4202 abbatis
1697 4138 1737 4201 de
1760 4136 1927 4220 Berdeney
1949 4137 1984 4200 in

396 4269 401 4278 .
484 4221 619 4285 ecclesia
633 4221 674 4285 de
692 4223 807 4290 Sorar.

529 4358 573 4422 Et
588 4364 762 4423 onerantur
777 4381 873 4446 super
889 4368 1078 4448 compotum
1092 4361 1133 4426 de
1149 4361 1232 4447 fija.
1249 4363 1351 4449 iiij.d
1369 4363 1410 4426 de
1424 4363 1577 4446 pensione
1593 4363 1721 4427 abbatis
1744 4364 1785 4426 de
1801 4362 1936 4445 Whitby
1951 4363 1985 4425 in

466 4525 469 4532 1
486 4445 621 4510 ecclesia
634 4447 677 4510 de
692 4449 869 4516 hanone.

631 4585 764 4651 Summa
779 4589 956 4652 insanionis
970 4590 1163 4674 pensionum
1177 4593 1489 4674 superone'ratarum.
1533 4588 1625 4656 Subs.
1643 4589 1720 4656 lxo.
1736 4588 1846 4675 viija.

926 4831 1121 4898 Dncsnanus
1144 4853 1187 4898 nn
1210 4831 1553 4901 WALSSHOROFT.

1177 4997 1365 5061 taxatnrad
1649 4995 1838 5059 Subsidium

533 5125 676 5192 Ecclesia
692 5129 732 5192 de
746 5131 926 5198 Bruanosn
1144 5133 1284 5218 xviijan.
1576 5131 1710 5217 xxiiij-a.
1752 5184 1755 5189 .

619 5308 640 5342 ‚‚
743 5266 876 5333 anxas
1141 5291 1191 5337 xv.
1200 5293 1241 5334 m.
1575 5289 1661 5335 xrs.

619 5446 641 5479 ‚‚
744 5403 949 5472 Tsoasswsr
1142 5409 1294 5494 xxiiij.m.
1578 5407 1711 5493 xxxiia

621 5585 642 5618 „
746 5541 972 5610 Tuonomuar
1144 5567 1222 5611 nm.
1579 5543 1681 5627 xiijo.
1698 5541 1800 5628 iiija.

631 5723 641 5755 ‚
747 5679 896 5747 Scauros
1144 5683 1275 5771 ridjan.
1579 5680 1703 5765 xviij.s.
1719 5679 1829 5762 viij.d.

634 5859 645 5891 ‚
745 5817 909 5886 Wsnssar
1145 5821 1261 5904 illim.
1578 5820 1671 5905 lvj.s.

621 5998 642 6031 η
745 5955 909 6024 Tswnnns
1144 5957 1259 6041 xxj.m.
1276 5958 1380 6041 viija.
1573 5956 1718 6040 xxviijs.
1734 5954 1816 6019 ixa,
1833 5954 1880 6018 oh.
