5000 7050
1098 1083 1181 1147 Α.1).
1207 1085 1301 1147 1428.
1884 1083 1946 1148 275

490 1369 539 1435 De
552 1371 660 1454 aliquo
675 1372 819 1437 subsidio
834 1373 878 1439 di.
895 1373 918 1438 f.
935 1394 978 1439 m.
995 1375 1030 1436 in
1047 1374 1254 1453 emmona,
1271 1373 1356 1457 quod
1371 1372 1536 1437 Johannes
1551 1373 1591 1435 de
1607 1371 1769 1456 Wylugby
1783 1370 1946 1455 quondam

444 1459 564 1525 tenuit.
608 1459 721 1523 Nichil
746 1460 810 1541 bic,
831 1482 868 1524 eo
889 1463 975 1546 qnod
999 1461 1156 1525 dividitur
1177 1463 1265 1525 inter
1286 1461 1435 1525 abbatem
1450 1462 1490 1523 de
1507 1461 1605 1522 Psrco
1621 1459 1722 1538 Lude,
1740 1459 1891 1521 abbatem
1907 1459 1946 1520 de

445 1546 615 1630 Hauenby,
630 1548 833 1615 Willelmum
847 1549 993 1626 Tetford,
1010 1546 1194 1612 Johannem
1217 1547 1358 1628 Cswode,
1377 1548 1579 1615 Willelmnm
1597 1545 1775 1626 Fissbirylr,
1799 1555 1832 1608 et
1854 1547 1944 1625 alios,

445 1636 502 1716 qui
531 1633 612 1698 illud
636 1641 750 1698 tenent
776 1638 961 1720 separatim,
987 1643 1022 1699 et
1044 1637 1136 1700 nulla
1158 1657 1232 1719 pars
1261 1657 1371 1700 eorum
1401 1634 1589 1699 extenditur
1616 1636 1658 1698 ad
1687 1632 1787 1718 iiijuffl
1818 1639 1943 1716 partem

445 1741 501 1785 un.
517 1720 539 1785 f.
555 1743 600 1786 rn.
617 1723 703 1786 sicut
717 1725 901 1789 continetur
915 1729 976 1788 etc.

488 1853 537 1917 De
564 1855 750 1919 tenentibus
772 1860 932 1918 terrerum
958 1856 1087 1919 Riccrdi
1115 1855 1246 1919 Farford
1273 1876 1330 1940 pro
1353 1855 1429 1940 ffija
1450 1861 1544 1939 parte
1565 1875 1620 1920 un.
1638 1854 1661 1920 f.
1677 1877 1720 1920 m.
1737 1857 1771 1918 in
1787 1856 1944 1922 Wnnrou.

445 1940 568 2020 Nichil,
582 1963 619 2005 eo
634 1942 719 2025 quod
735 1944 893 2007 dividitur
908 1946 1081 2027 separatim
1097 1944 1184 2006 inter
1199 1945 1408 2026 pincenarios,
1426 1942 1578 2006 videlicet
1601 1943 1687 2006 inter
1713 1943 1880 2006 dominam
1905 1943 1945 2004 de

444 2027 608 2113 Clstborp,
622 2029 780 2093 Thomam
797 2031 953 2111 Ssuntnn,
970 2038 1003 2094 et
1018 2032 1108 2107 alios,
1124 2032 1209 2095 sicut
1223 2033 1409 2095 continetur
1424 2036 1486 2094 etc.

489 2164 538 2228 De
560 2165 671 2249 aliquo
691 2166 879 2254 hujusmodi
904 2168 1046 2232 subsidio
1060 2166 1135 2254 iiiJ‘⁰
1156 2171 1258 2252 partis
1273 2189 1328 2234 un.
1345 2170 1366 2233 f.
1383 2170 1479 2233 min
1496 2167 1682 2234 Gunusonn
1699 2173 1732 2232 et
1747 2169 1943 2244 Ynnsunnn,

445 2273 544 2336 qnsm
568 2253 728 2318 Robertns
754 2255 859 2339 Daroy
880 2256 1043 2338 quondam
1066 2258 1186 2334 tenuit,
1201 2277 1267 2320 non
1290 2256 1498 2341 respondent,
1513 2275 1550 2318 eo
1565 2255 1651 2337 quod
1669 2256 1785 2335 Alesia,
1800 2276 1862 2339 que
1879 2256 1944 2318 fuit

446 2361 525 2403 uxor
548 2339 707 2405 Johannis
721 2341 894 2426 Skipwitb,
909 2347 1002 2407 tenet
1024 2343 1113 2428 ιιιι·111
1130 2353 1253 2427 partem
1276 2343 1362 2408 dicte
1379 2343 1452 2428 ιιι]ιο
1473 2343 1576 2425 partis
1591 2343 1721 2406 nomine
1736 2342 1823 2406 dotis
1840 2362 1896 2405 sue
1912 2347 1947 2406 et

444 2429 491 2490 sie
506 2428 614 2492 minus
629 2428 705 2516 iiij2⁸
724 2435 828 2513 perte,
844 2431 930 2494 sicut
943 2433 1131 2495 continetur
1145 2435 1207 2495 etc.

488 2563 555 2628 Nec
570 2564 765 2650 respondent
779 2567 820 2630 de
836 2567 945 2651 aliquo
959 2566 1147 2652 hujusmodi
1163 2568 1307 2632 subsidio
1323 2569 1363 2630 de
1379 2566 1425 2632 di.
1442 2567 1465 2631 f.
1482 2568 1515 2629 in
1540 2567 1664 2632 Rrsrort
1680 2573 1714 2629 et
1728 2568 1947 2644 Anvuunnsrn

443 2653 531 2735 qnod
557 2654 721 2737 predictus
745 2653 905 2718 Robertus
927 2655 1032 2738 Darcy
1048 2658 1210 2739 quondam
1237 2656 1355 2735 tenuit,
1371 2675 1407 2718 eo
1434 2654 1519 2736 quod
1542 2653 1673 2717 feodum
1700 2656 1879 2738 ignoratur,
1907 2659 1946 2718 ut

444 2740 561 2804 dicunt
575 2745 637 2806 etc.
660 2738 863 2829 [concelledJ.
910 2740 1191 2827 Superonernntnr
1205 2743 1246 2805 de
1262 2741 1342 2829 iij.s.
1359 2742 1456 2827 iiija.

489 2877 538 2941 De
573 2879 677 2961 priore
715 2878 756 2942 de
784 2877 990 2964 Alvyngbam
1019 2900 1075 2963 pro
1106 2885 1221 2963 qusrts
1257 2883 1349 2962 parte
1384 2898 1439 2943 un.
1470 2877 1493 2943 ι’.
1520 2899 1563 2942 m.
1595 2878 1628 2940 in
1659 2828 1818 2957 viennen,
1847 2899 1946 2961 quam

443 2964 681 3048 predecessores
711 2967 761 3029 sni
798 2967 962 3049 qnondam
998 2971 1184 3032 tennerunt.
1230 2966 1354 3044 Nichil,
1390 2967 1468 3048 qnia
1504 2964 1698 3029 decimabile
1741 2963 1944 3051 [coneedefi.

445 3051 725 3136 Superonerantur
740 3054 779 3116 de
794 3073 858 3119 ne.
1612 3077 1615 3082 ·

487 3187 535 3251 De
561 3187 677 3252 abbate
703 3190 743 3253 de
759 3187 929 3265 Welbowe‚
954 3189 1074 3253 abbate
1097 3191 1138 3253 de
1163 3189 1378 3273 Kyrbestede‚
1396 3192 1430 3254 et
1445 3191 1550 3272 priore
1565 3190 1604 3253 de
1620 3190 1774 3273 Ormesby
1788 3211 1845 3273 pro
1860 3191 1904 3255 di.
1921 3191 1944 3255 f.

444 3278 489 3338 ι’·
509 3281 614 3357 parte,
629 3281 664 3339 et
678 3285 734 3338 0²¹⁸
749 3283 839 3358 perte
854 3297 908 3341 un.
925 3278 948 3342 f.
961 3298 1003 3342 m.
1015 3279 1049 3340 in
1064 3277 1143 3340 solra
1157 3278 1197 3340 de
1213 3277 1359 3355 Grunou,
1369 3298 1448 3360 ques
1465 3276 1701 3361 predecessores
1717 3278 1767 3341 sui
1782 3279 1945 3362 qnondam

445 3367 631 3429 tenuerunt.
677 3361 800 3443 Nichil,
816 3369 880 3428 etc.
899 3369 946 3443 (os
962 3367 997 3428 in
1008 3368 1157 3448 previous
1173 3369 1288 3447 eat-ry).

487 3499 536 3563 De
565 3500 683 3565 abbate
719 3501 759 3565 de
788 3500 939 3565 Gervaux
969 3522 1027 3585 pro
1056 3501 1130 3588 iiijt·
1166 3507 1258 3586 perte
1287 3521 1342 3567 un.
1369 3501 1392 3567 f.
1417 3521 1462 3569 m.
1491 3501 1592 3588 xxxij·
1620 3507 1711 3585 parte
1737 3507 1882 3587 excepta,
1909 3505 1945 3568 in

445 3588 670 3666 Sounnoonns,
684 3609 782 3672 quem
797 3590 1033 3673 predecessores
1049 3593 1101 3654 sui
1116 3588 1281 3674 quondam
1296 3595 1483 3654 tenuerunt.
1529 3590 1649 3667 Nichil,
1664 3592 1741 3673 quia
1756 3599 1867 3654 contra
1882 3598 1944 3657 etc.

486 3723 534 3787 De
558 3726 690 3788 domino
716 3726 756 3789 de
771 3726 876 3794 Welle
899 3746 957 3808 pro
981 3726 1127 3810 predicta
1142 3725 1243 3813 xxxij*
1256 3733 1349 3809 perte
1364 3728 1398 3788 in
1417 3726 1641 3803 Sounnoonns,
1656 3748 1752 3810 quem
1768 3727 1944 3808 Johannes,

442 3812 529 3876 filins
546 3818 580 3875 et
594 3811 685 3876 heres
699 3813 767 3876 Ade
781 3819 851 3877 atte
865 3814 968 3881 Welle
985 3816 1148 3899 quondam
1163 3815 1284 3879 tenuit.
1329 3814 1359 3875 N
1362 3813 1451 3894 ichil,
1467 3818 1528 3878 etc.

485 3954 535 4018 De
559 3955 747 4018 tenentibus
768 3961 852 4019 terre
874 3956 1037 4041 quondam
1059 3958 1221 4021 comitisse
1236 3954 1405 4019 Linoolnie
1420 3974 1477 4038 pro
1493 3950 1608 4037 xxiiij*
1628 3954 1828 4036 pertenui.
1846 3974 1889 4018 m.
1907 3954 1941 4017 in

442 4040 520 4105 soka
534 4041 574 4105 de
590 4042 735 4110 (tamon.
780 4043 902 4122 Nichil,
917 4051 979 4109 etc.

483 4165 532 4229 De
555 4166 746 4230 tenentibus
768 4172 851 4231 terre
874 4166 1039 4251 quondam
1062 4166 1223 4233 Johmnis
1246 4168 1287 4232 de
1308 4168 1457 4254 Lengton
1473 4191 1531 4254 pro
1547 4170 1605 4254 vij·
1625 4174 1719 4254 parte
1735 4190 1791 4236 nn.
1806 4170 1830 4236 f.
1846 4192 1890 4234 m.
1907 4172 1942 4235 in

442 4252 783 4319 Hsowosrnrnensu.
829 4254 951 4334 Nichil,
969 4260 1031 4320 etc.

485 4372 534 4435 De
559 4372 746 4435 tenentibus
770 4380 927 4437 terrarum
951 4374 1113 4457 quondam
1138 4373 1264 4438 heredis
1291 4375 1425 4438 Roberti
1451 4374 1614 4440 Sillrsston
1641 4398 1699 4462 pro
1722 4378 1766 4445 di.
1791 4380 1814 4445 f.
1838 4400 1881 4444 m.
1908 4383 1944 4444 in

442 4460 567 4537 Tuonn,
583 4460 785 4538 Wrurnonn
804 4461 1009 4541 Uennenses,
1025 4466 1060 4524 et
1075 4461 1164 4526 alibi.
1211 4460 1333 4541 Nichil,
1350 4463 1427 4545 qnia
1443 4464 1483 4527 de
1498 4465 1685 4529 tenentibus
1700 4466 1879 4549 ignoratur,
1894 4471 1943 4532 ita

441 4547 526 4629 quod
564 4545 690 4609 nullum
728 4548 908 4612 subsidium
945 4549 1134 4613 levaverunt
1170 4569 1230 4612 neo
1267 4550 1372 4614 levare
1403 4556 1594 4634 potuerunt,
1623 4560 1660 4615 ut
1697 4554 1812 4617 dicunt
1848 4576 1942 4639 super

440 4640 677 4698 sacramentum
694 4656 788 4698 suum
811 4633 1015 4722 [cancellat]
1062 4636 1246 4699 Onersntnr
1262 4656 1356 4720 snper
1371 4646 1558 4722 compotum
1575 4640 1614 4703 de
1630 4639 1712 4723 iij.s.
1729 4641 1828 4725 iiija.

483 4770 532 4833 De
547 4772 651 4854 priore
666 4771 706 4835 de
721 4770 917 4855 Bollyngton
932 4792 990 4854 pro
1005 4772 1078 4855 viij·
1091 4776 1183 4856 parte
1198 4792 1254 4837 un.
1272 4772 1294 4838 f.
1312 4793 1355 4838 m.
1373 4775 1406 4838 in
1428 4775 1561 4854 Busen,
1584 4798 1680 4859 quam
1708 4779 1941 4862 predecessores

441 4860 491 4922 sui
505 4860 669 4941 quondam
684 4864 871 4924 tenuerunt.
916 4857 1039 4938 Nichil,
1054 4862 1131 4942 quis
1145 4867 1257 4923 contra
1272 4867 1333 4927 etc.
1801 4884 1805 4892 ·

441 4994 745 5146 Nippltepentibus
768 5000 926 5059 terrarum
940 4998 1103 5081 qnondam
1119 4996 1236 5081 Rogeri
1251 4996 1351 5081 Crecy
1365 5020 1422 5083 pro
1439 5000 1510 5083 viij·
1524 5006 1617 5086 perte
1632 5024 1687 5069 un.
1705 5004 1727 5069 f.
1746 5026 1790 5071 m.
1806 5007 1939 5073 ibidem.

473 5105 502 5147 re
526 5104 596 5162 r‚e
614 5104 642 5147 e.

483 5203 532 5266 De
556 5203 744 5267 tenentibus
769 5208 929 5268 terrarum
955 5205 1117 5289 qnondam
1141 5205 1265 5269 Tbome
1289 5204 1424 5290 Nevyle,
1448 5210 1505 5292 qui
1531 5214 1651 5275 terram
1674 5232 1767 5277 susm
1782 5216 1891 5278 tenuit
1905 5218 1940 5281 in

439 5292 621 5367 Rmonsnu,
636 5296 683 5354 set
698 5312 755 5374 pro
770 5298 892 5375 quanto
907 5294 1085 5377 ignoratur.

482 5415 532 5480 De
547 5415 655 5498 aliquo
670 5414 859 5499 hujusmodi
874 5416 1016 5481 subsidio
1030 5438 1086 5483 nn.
1103 5416 1128 5483 f.
1144 5422 1179 5481 et
1193 5417 1239 5482 di.
1256 5418 1454 5501 compartis,
1472 5423 1508 5483 et
1521 5420 1595 5503 viijn
1608 5422 1709 5504 partis
1731 5444 1786 5489 un.
1802 5425 1826 5489 f.
1843 5446 1887 5491 m.
1904 5428 1939 5491 in

441 5504 622 5571 Gnuunsnu
635 5508 670 5566 et
684 5503 841 5582 anrou,
865 5524 928 5588 que
957 5504 1139 5569 Alexander
1165 5503 1331 5590 Ginthorp
1363 5507 1487 5583 (rectius
1514 5506 1749 5592 Grimthorpe),
1776 5509 1940 5577 Johannes

442 5590 627 5674 Somervyle
642 5593 772 5675 (rectius
799 5590 979 5675 Somerby),
994 5597 1027 5655 et
1053 5593 1111 5656 alii
1127 5593 1290 5677 quondam
1306 5597 1493 5669 tennerunt,
1508 5614 1571 5657 non
1586 5597 1786 5677 respondent,
1802 5602 1939 5681 eoquod

440 5679 598 5741 dividitur
612 5678 698 5740 inter
712 5676 846 5742 heredes
860 5679 1017 5743 Willelmi
1047 5678 1258 5763 Gibbetborp,
1276 5679 1478 5742 Willelmum
1504 5680 1613 5759 Fosse,
1639 5682 1768 5747 heredes
1785 5685 1940 5749 Willelmi

440 5763 683 5847 chamberleyu,
698 5763 862 5828 Simonem
885 5764 1068 5849 Gypthorp,
1084 5766 1216 5830 heredes
1242 5764 1365 5830 Thome
1382 5766 1552 5848 Slripwitb,
1568 5768 1747 5832 Henricum
1764 5772 1939 5855 Vavysnnr,

439 5851 573 5916 heredes
588 5850 721 5917 Roberti
736 5859 804 5915 atte
821 5851 933 5929 Welle,
947 5852 1131 5917 Johannem
1146 5854 1185 5917 de
1201 5853 1380 5937 Langeton,
1398 5859 1431 5916 et
1446 5854 1536 5930 alios,
1551 5856 1607 5938 qui
1623 5861 1737 5919 tenent
1752 5862 1935 5942 separatim,

441 5946 492 6003 sot
504 5938 614 6002 nullus
629 5959 739 6003 eornm
754 5944 846 6004 tenet
860 5960 963 6024 nsque
979 5940 1020 6005 ad
1035 5940 1135 6027 iiij‘m
1152 5945 1278 6024 partem
1294 5940 1317 6005 f.
1334 5962 1378 6004 m.
1397 5941 1480 6004 sicut
1495 5944 1679 6005 continetur
1694 5948 1755 6009 etc.
