5000 7050
1115 1096 1197 1161 A.D.
1223 1098 1318 1162 1302.
1894 1095 1958 1160 429

498 1385 661 1452 Walterus
674 1386 716 1452 de
729 1387 876 1452 Norrrieo
890 1391 982 1452 tenet
992 1387 1020 1471 j.
1037 1388 1240 1473 quarterium
1255 1385 1279 1455 f.
1295 1406 1339 1453 m.
1355 1388 1390 1450 iu
1408 1385 1516 1455 Srorra
1531 1386 1572 1450 de
1588 1384 1714 1471 Rogero
1740 1385 1771 1450 le
1795 1383 1956 1465 Gurohun,

455 1481 490 1539 et
503 1475 591 1539 idem
606 1474 647 1539 de
663 1474 800 1539 Ricardo
815 1476 855 1539 de
870 1475 904 1539 la
919 1474 1054 1553 Rokele,
1068 1482 1103 1538 et
1117 1476 1207 1538 idem
1222 1476 1262 1537 de
1277 1477 1396 1538 comite
1413 1474 1633 1553 Mareschullo,
1648 1479 1683 1538 et
1698 1474 1785 1537 idem
1800 1473 1840 1537 de
1855 1492 1942 1557 rege.

500 1629 656 1693 Ricardus
676 1629 718 1693 de
742 1628 920 1715 Rikinghal
935 1636 971 1694 et
985 1632 1165 1713 peruenerii
1181 1631 1233 1694 sui
1247 1635 1364 1695 teuent
1378 1632 1413 1693 in
1429 1630 1542 1693 eadem
1557 1629 1581 1714 j.
1598 1630 1799 1713 quarterium
1815 1628 1839 1694 f.
1855 1647 1900 1693 m.
1917 1628 1958 1691 de

457 1717 762 1890 ivgeillqeqqorg'gaeltot,
776 1724 810 1781 et
827 1716 914 1781 idem
930 1718 971 1781 de
987 1718 1151 1782 Willelmo
1166 1717 1304 1796 Pecche,
1318 1724 1352 1782 et
1366 1718 1454 1783 idem
1468 1715 1508 1780 de
1522 1715 1666 1782 Roberto
1681 1717 1722 1780 de
1737 1714 1900 1793 Tateshal‚
1924 1720 1959 1780 et

500 1952 664 2017 Johannes
689 1954 730 2016 de
757 1953 885 2018 Wittou
909 1959 1000 2018 tenet
1022 1956 1047 2041 j.
1072 1956 1274 2041 quarterium
1300 1955 1323 2020 f.
1340 1975 1383 2018 m.
1399 1954 1441 2017 (10
1455 1953 1598 2038 Hugone
1615 1953 1748 2032 Peeche,
1764 1960 1798 2017 et
1813 1952 1902 2017 idem
1917 1952 1958 2016 de

458 2038 598 2105 Roberto
612 2042 652 2104 de
667 2040 831 2119 Tateshal‚
845 2047 878 2105 et
892 2042 979 2106 idem
994 2043 1035 2106 de
1049 2063 1135 2127 rege.

501 2194 882 2260 portacione-abbas
907 2196 949 2258 de
972 2195 1116 2278 Langele
1130 2200 1164 2259 01
1178 2195 1297 2259 Petrus
1321 2194 1455 2259 Rocelin
1483 2198 1517 2258 et
1543 2198 1691 2259 tenentes
1716 2194 1766 2257 eui
1788 2197 1902 2256 teuent
1922 2193 1957 2255 in

458 2280 568 2343 eadem
593 2282 619 2365 j.
647 2284 848 2366 quarterium
873 2286 907 2346 et
930 2283 976 2347 di.
1002 2283 1026 2347 f.
1053 2304 1097 2348 m.
1123 2283 1163 2346 de
1188 2282 1330 2347 Roberto
1356 2281 1424 2345 filio
1450 2282 1580 2368 Regem,
1602 2286 1636 2346 et
1659 2280 1746 2343 idem
1771 2282 1811 2343 de
1837 2280 1956 2343 comite

459 2366 682 2446 Mareechallo,
697 2373 732 2431 et
745 2370 832 2433 idern
848 2371 889 2434 (10
901 2390 985 2455 rege.

502 2519 834 2586 Treoua-Johannes
858 2522 900 2585 de
917 2522 1044 2588 Witton
1060 2527 1094 2586 et
1118 2524 1297 2606 peruenerii
1324 2524 1375 2587 eui
1398 2525 1513 2585 tenent
1538 2522 1563 2607 j.
1589 2522 1791 2606 quarterium
1815 2520 1839 2586 f.
1856 2542 1900 2585 m.
1917 2520 1958 2584 de
2076 2586 2077 2591 ,

461 2607 595 2757 [qicqrdo
610 2607 651 2757 qe
666 2609 698 2670 la
714 2608 850 2688 Rokele,
863 2615 898 2672 et
911 2613 999 2673 idem
1015 2610 1056 2675 de
1073 2609 1235 2674 Willelmo
1249 2610 1292 2673 (10
1305 2608 1380 2689 Ros,
1394 2615 1428 2673 et
1443 2608 1530 2673 idem
1545 2608 1586 2672 de
1600 2610 1720 2673 comite
1735 2606 1959 2686 Mareechallo,

459 2715 477 2757 0
509 2716 519 2756 1
544 2715 596 2757 em
633 2716 651 2758 e
666 2715 754 2780 rege.

501 2830 874 2913 Assaracum-Prior
896 2848 1050 2932 Norwycy
1065 2853 1159 2913 tenet
1184 2850 1364 2913 manerium
1387 2845 1429 2912 de
1445 2848 1669 2915 Assaracum
1685 2851 1719 2911 et
1735 2847 1884 2926 Nuurorr,
1901 2866 1958 2930 per

460 2934 544 3014 quod
559 2934 732 2997 servicium
747 2939 781 2997 et
796 2955 815 2997 a
829 2956 894 3017 quo
908 2937 1087 3021 ignoratur.

502 3086 799 3238 GqsrasTComee
808 3088 1138 3154 Maresehallustenet
1153 3090 1338 3154 manerium
1350 3090 1390 3154 de
1400 3090 1537 3169 Oescus,
1549 3109 1606 3173 per
1617 3088 1703 3175 quod
1712 3089 1883 3153 servicium
1894 3092 1959 3152 eta

460 3194 652 3260 quorgnora
669 3196 717 3240 ur.
1691 3190 1697 3195 ·

459 3414 480 3477 d
503 3325 864 3477 {floream-abbas
876 3327 987 3392 Sancti
1000 3327 1169 3392 Benedicti
1185 3328 1224 3392 de
1235 3329 1361 3392 Hulmo
1376 3333 1467 3393 tenet
1481 3329 1505 3416 j.
1518 3329 1698 3393 manerium
1713 3329 1747 3392 in
1759 3328 1959 3396 Seorseuru

481 3434 500 3477 0
536 3432 646 3478 omrno
661 3434 739 3497 rege
754 3434 807 3480 uc.

501 3568 790 3634 (iserae-Abbae
802 3567 913 3633 Sancti
925 3570 1091 3633 Edmundi
1101 3575 1193 3635 tenet
1202 3572 1230 3655 j.
1241 3572 1422 3634 manerium
1432 3572 1466 3634 in
1476 3571 1614 3652 Orsuae,
1628 3591 1683 3655 per
1691 3572 1777 3654 quod
1789 3571 1959 3635 servicium

461 3660 494 3717 et
510 3676 529 3717 a
544 3676 608 3738 quo
623 3658 800 3741 ignoratur.

503 3809 938 3876 Sacamum—Petronilla
951 3811 993 3874 de
1007 3810 1143 3875 Neriord
1159 3816 1194 3876 et
1208 3817 1356 3876 tenentes
1370 3813 1421 3876 sui
1436 3815 1550 3876 teuent
1564 3813 1595 3875 in
1611 3812 1956 3880 trecassinorum.

460 3896 502 3960 de
516 3899 635 3960 comite
650 3896 873 3978 Mareschallo‚
890 3903 923 3960 et
937 3899 1025 3962 idem
1039 3899 1081 3962 de
1097 3920 1183 3984 rege.

503 4049 792 4117 Suom-Eadem
806 4050 984 4116 Petronilla
999 4057 1091 4118 tenet
1105 4055 1140 4117 in
1169 4055 1277 4122 Srous
1303 4054 1328 4140 j.
1345 4056 1546 4140 quarterium
1572 4055 1595 4120 1.
1612 4073 1657 4119 m.
1684 4054 1725 4118 de
1752 4051 1895 4118 Roberto
1919 4053 1959 4118 de

459 4137 622 4217 Tateshal,
640 4145 674 4200 et
689 4138 777 4200 idem
792 4138 831 4201 de
843 4159 928 4223 rege.

505 4289 954 4376 Sermonem—Gregorius
978 4292 1018 4355 de
1043 4292 1209 4377 Oldhagec
1239 4291 1449 4380 [Holdhawe]
1478 4297 1512 4358 et
1535 4298 1686 4358 tenentes
1708 4295 1759 4358 sui
1784 4294 1959 4359 tenentia

462 4376 677 4443 Saxoruonarr
693 4376 738 4441 di.
753 4379 954 4460 quarterium
969 4381 992 4445 f.
1008 4401 1052 4446 m.
1069 4382 1110 4444 de
1125 4381 1216 4445 feodo
1233 4382 1379 4466 Wyleby,
1395 4382 1435 4444 de
1450 4402 1513 4465 quo
1528 4383 1706 4464 ignoratur.

502 4530 812 4596 Brennum-Abbati
838 4530 877 4594 (10
902 4532 1043 4618 Langele
1057 4539 1149 4598 tenet
1171 4535 1205 4597 iu
1230 4535 1378 4600 Breucos
1403 4535 1448 4607 di.
1464 4536 1666 4618 quarterium
1681 4534 1704 4599 s.
1723 4555 1766 4599 m.
1783 4533 1823 4597 de
1839 4535 1959 4598 comite

461 4615 682 4697 Mareschullo‚
700 4626 735 4681 et
749 4619 837 4682 idem
852 4619 893 4683 de
907 4640 992 4704 rege.

502 4763 666 4830 Johauuee
689 4769 730 4832 de
753 4769 900 4833 Norwico
922 4776 956 4834 et
979 4775 1129 4837 tenentes
1153 4774 1205 4836 sui
1230 4778 1346 4837 tenent
1369 4775 1404 4838 iu
1427 4775 1539 4838 eadem
1560 4773 1588 4857 j.
1605 4775 1802 4856 quarterium
1819 4773 1840 4839 f.
1857 4795 1901 4841 m.
1919 4775 1960 4840 (10

462 4851 550 4917 dicto
564 4855 697 4934 comite,
710 4860 745 4919 et
760 4857 849 4920 idem
865 4858 906 4921 (10
921 4879 1008 4944 rege.

483 5004 659 5157 tlfftqioriqqa
673 5009 712 5072 de
726 5007 885 5073 Karhowe
900 5015 993 5074 tenet
1008 5013 1043 5074 in
1058 5011 1171 5076 eadem
1186 5013 1210 5099 j,
1227 5014 1430 5097 quarterium
1446 5019 1479 5078 01
1495 5013 1539 5079 (11.
1555 5014 1579 5078 f.
1596 5033 1642 5081 m.
1658 5014 1699 5077 de
1725 5015 1813 5077 dicto
1828 5015 1958 5095 comite,

463 5111 481 5153 e
511 5113 524 5154 1
547 5114 600 5157 em
638 5115 758 5179 erege.

504 5245 619 5311 Dictus
634 5267 739 5312 comes
754 5255 787 5314 et
803 5249 988 5315 Willelmus
1003 5252 1042 5316 de
1056 5251 1224 5317 Merkshal
1240 5258 1354 5318 tenent
1370 5254 1394 5340 j.
1410 5255 1609 5340 quarterium
1625 5253 1648 5320 f.
1664 5275 1709 5320 m.
1725 5254 1766 5317 de
1781 5274 1867 5339 rege.

949 5587 1168 5655 Hurmsauusr
1190 5611 1234 5656 uu
1257 5589 1484 5658 HENSTED.

502 5745 847 5812 mimia-Thomas
861 5751 899 5813 (10
916 5750 1017 5815 Bosco
1032 5758 1122 5817 tenet
1138 5775 1241 5818 uuum
1253 5755 1454 5841 quarterium
1469 5757 1504 5818 et
1519 5755 1565 5820 di.
1578 5755 1618 5816 (10
1633 5750 1804 5816 heredibus
1815 5750 1960 5814 Huberti

463 5829 501 5894 de
523 5833 666 5910 Multon,
691 5833 823 5899 heredes
846 5839 987 5902 Huberti
1012 5840 1053 5904 de
1076 5841 1199 5904 Thomu
1221 5842 1262 5906 de
1286 5843 1429 5921 Multon,
1453 5844 1543 5907 idem
1567 5842 1707 5904 Thomas
1738 5836 1807 5924 [de]
1840 5841 1960 5900 comite

465 5916 665 5997 Mareeoallo,
678 5925 712 5983 et
726 5942 831 5987 comes
846 5925 1056 5990 Marescallus
1070 5927 1111 5990 de
1126 5948 1209 6013 rege.
