5000 7050
589 1064 632 1127 92
1202 1068 1473 1137 Llncnsnsn.

630 1353 715 1417 Item
742 1356 858 1419 dicunt
881 1358 967 1440 quod
991 1378 1055 1421 non
1082 1364 1159 1422 sunt
1185 1359 1278 1443 plura
1301 1359 1394 1424 feoda
1420 1380 1478 1424 nec
1502 1359 1641 1443 parcella
1667 1358 1837 1423 feodorum
1859 1377 1919 1420 nec
1943 1373 2102 1440 unquam

589 1441 722 1504 fuerunt
736 1443 820 1505 infra
835 1443 989 1508 ducatum
1005 1447 1198 1528 predictum.

635 1578 675 1640 In
690 1578 783 1664 cnjus
798 1580 846 1643 rei
862 1582 1098 1662 testimonium,
1115 1591 1178 1647 etc.

1089 1838 1568 1847 Ἤ

1210 2026 1308 2095 A.D.
1352 2025 1467 2096 1431.

634 2180 795 2243 Henricus
818 2182 869 2245 dci
897 2184 1002 2267 gratia
1026 2204 1080 2245 rex
1104 2184 1222 2267 Anglia
1246 2189 1280 2247 et
1311 2184 1446 2247 Francis
1472 2192 1505 2246 et
1532 2184 1683 2247 dominus
1709 2184 1863 2247 Hibernia
1877 2182 2023 2246 dilectis
2055 2186 2094 2243 et

590 2265 740 2330 fidelibus
765 2270 831 2331 suis
856 2268 998 2332 Johanni
1024 2271 1064 2333 de
1089 2270 1235 2355 sanisy,
1262 2272 1412 2348 chivaler‚
1440 2272 1605 2334 Willelmo
1635 2272 1841 2357 Haryngton,
1870 2268 2023 2347 cbivaler,
2057 2283 2095 2330 eo

590 2353 762 2436 Radulpbo
777 2356 817 2419 de
832 2356 982 2435 Radcliff,
997 2356 1149 2436 chivaler‚
1164 2380 1201 2422 ac
1223 2360 1353 2422 dilectis
1375 2359 1437 2423 sibi
1461 2357 1584 2422 Thome
1612 2358 1758 2442 Urswyk,
1782 2358 1950 2444 armigero,
1968 2356 2095 2420 Jacobo

590 2441 642 2503 del
669 2442 759 2521 liolt,
788 2443 949 2507 Willelmo
975 2446 1110 2524 Garnet,
1136 2444 1277 2509 Johanni
1303 2446 1449 2530 Urswylr,
1471 2468 1508 2509 ac
1532 2448 1714 2509 vicecomiti
1732 2447 1927 2522 lancastrie,
1944 2444 2091 2508 salutem

592 2527 710 2593 Sciatis
725 2532 810 2612 quod
829 2537 896 2610 (etc.
913 2556 949 2596 aa
964 2536 999 2597 in
1014 2535 1074 2598 vol.
1092 2534 1119 2610 I,
1131 2558 1166 2617 p.
1180 2535 1270 2611 272).
1316 2534 1413 2597 Teste
1429 2534 1615 2611 Humfrid0,
1626 2535 1708 2597 duce
1725 2533 1939 2613 Glouoestrie,
1952 2532 2091 2596 custode

592 2615 718 2700 Anglie,
733 2618 818 2700 apud
835 2620 1057 2683 lancastriam
1073 2621 1129 2705 xij.
1146 2623 1197 2683 die
1213 2620 1361 2685 Octobris
1377 2642 1460 2685 anno
1475 2642 1574 2705 regno
1590 2628 1698 2685 nostro
1714 2621 1852 2685 decimo.

1009 2881 1315 2970 [Waraarvrscarnn
1338 2904 1382 2951 ns
1406 2882 1672 2971 sonabam]

632 3041 808 3124 Inquisicio
831 3051 926 3128 capta
949 3046 1035 3128 apud
1060 3046 1284 3111 Lancastriam
1308 3048 1362 3110 die
1389 3047 1520 3112 Sabbati
1547 3049 1693 3131 proximo
1718 3052 1795 3110 ante
1822 3045 1940 3110 festum
1973 3045 2086 3109 Sancti

590 3129 726 3192 Martini
749 3132 785 3192 in
809 3151 915 3214 yeme,
940 3154 1026 3195 anno
1056 3135 1150 3216 regni
1179 3136 1265 3218 regis
1295 3135 1429 3197 Henrici
1462 3138 1544 3199 sexti
1574 3136 1709 3211 decimo,
1733 3154 1840 3197 coram
1870 3134 2018 3197 Johanne
2048 3132 2088 3194 de

589 3216 733 3300 Stanley,
766 3216 920 3296 chivaler,
951 3220 1076 3284 Thoma
1111 3220 1246 3304 Urswyk
1281 3229 1316 3285 et
1352 3221 1501 3285 Johanne
1540 3222 1687 3305 Ursvyk,
1723 3224 1846 3286 virtute
1883 3222 2085 3303 quamndem

588 3303 772 3367 litterarum
800 3306 923 3369 domini
954 3309 1039 3391 regis
1075 3311 1262 3391 patencium
1299 3310 1420 3372 eisdem
1458 3307 1613 3385 Johanni,
1643 3310 1777 3385 Thome,
1806 3318 1839 3373 et
1868 3308 2011 3371 Johanni
2048 3329 2087 3369 ae

588 3390 751 3455 Willelmo
768 3392 972 3478 Haryngton,
988 3394 1141 3475 chivalar,
1157 3394 1329 3479 Radulpbo
1345 3397 1386 3460 de
1402 3396 1548 3479 Radclyf,
1566 3397 1713 3474 ohivaler,
1729 3397 1751 3460 J
1754 3396 1850 3459 acobo
1865 3396 1918 3458 dcl
1935 3394 2029 3472 Heli,
2051 3404 2087 3457 et

589 3477 752 3543 Willelmo
767 3480 902 3559 Gamet,
911 3482 952 3545 ad
967 3483 1196 3568 inquirendum
1211 3483 1252 3547 de
1263 3484 1403 3569 quodam
1419 3484 1560 3549 subsidio
1569 3487 1604 3548 in
1619 3484 1773 3568 predictis
1784 3484 1888 3548 literis
1901 3482 2086 3566 specificato

587 3568 793 3645 directarum,
807 3590 864 3651 per
880 3577 1117 3634 sacramentum
1132 3572 1290 3638 Johannis
1305 3571 1344 3635 de
1361 3571 1539 3656 Broghton,
1554 3573 1575 3636 J
1577 3573 1711 3635 ohannis
1734 3573 1773 3635 de
1796 3570 1941 3653 Bervvylr,
1962 3570 2086 3632 Thome

587 3654 765 3736 Berbnrne,
776 3657 941 3721 Gristofari
952 3659 993 3723 dc
1004 3659 1176 3742 Berdesay,
1186 3659 1347 3722 Willelmi
1357 3661 1397 3722 de
1411 3660 1534 3739 Oxclyi,
1546 3659 1703 3722 Willelmi
1717 3659 1770 3722 del
1781 3658 1952 3742 Ryddyng,
1962 3658 2084 3722 Oliveri

586 3742 627 3804 de
644 3741 856 3824 Sothevvorth,
873 3745 896 3809 J
896 3744 1030 3809 ohannis
1045 3747 1085 3809 de
1100 3745 1271 3831 Olagbton,
1289 3744 1447 3810 Johannis
1463 3747 1604 3825 lravers,
1620 3745 1787 3810 Michaelis
1814 3747 1855 3810 de
1881 3745 2087 3830 Haryngton,

588 3828 744 3894 Willelmi
770 3833 916 3911 Amhros,
947 3840 981 3897 et
1006 3834 1121 3919 Rogeri
1144 3835 1197 3898 del
1229 3834 1335 3911 Wese,
1367 3837 1423 3919 qui
1451 3835 1567 3898 dicunt
1595 3855 1691 3918 super
1720 3840 1957 3898 sacramentnm
1989 3853 2086 3896 suum

589 3919 739 4000 quod:—

633 4072 815 4137 Willelmns
838 4075 879 4137 de
902 4075 1108 4158 Haryngton,
1136 4077 1177 4138 de
1208 4076 1372 4159 Horneby,
1404 4077 1437 4140 in
1468 4077 1628 4140 comitatu
1666 4075 1863 4155 Lancastrie,
1895 4076 2002 4152 miles,
2031 4075 2086 4138 die

590 4160 725 4222 Veneris
749 4163 894 4244 proximo
919 4170 996 4225 ante
1021 4161 1145 4226 festum
1170 4162 1282 4226 Sancti
1307 4164 1436 4226 Hillarii
1466 4166 1499 4226 in
1526 4164 1682 4248 predictis
1707 4163 1811 4226 literis
1836 4164 2029 4246 specificato,
2051 4169 2085 4225 at

590 4247 784 4332 Margareta,
802 4270 881 4311 uxor
895 4248 976 4333 ejus,
991 4249 1125 4314 fuerunt
1141 4253 1244 4314 scisiti
1260 4252 1296 4314 in
1310 4252 1473 4314 dominico
1496 4272 1564 4328 suo,
1589 4257 1628 4314 ut
1654 4251 1694 4314 de
1721 4251 1815 4314 feodo
1838 4257 1873 4316 et
1894 4250 1969 4335 jura
1984 4249 2086 4333 ipsiirs

589 4335 786 4418 Margarete,
795 4337 835 4399 de
852 4338 996 4399 manerio
1011 4339 1051 4399 de
1067 4339 1312 4403 Hoarvnnvcum
1330 4339 1550 4420 pertinenciis,
1564 4339 1649 4421 quod
1666 4338 1799 4420 quidem
1814 4339 1994 4414 manerium
2010 4359 2085 4400 cum

589 4423 742 4485 membris
766 4432 800 4485 et
826 4425 1034 4506 pertinenciis
1057 4426 1123 4487 suis
1150 4427 1289 4509 predicti
1305 4426 1486 4493 Willelmus
1501 4435 1534 4489 et
1549 4425 1735 4510 Margareta
1748 4433 1925 4488 tenuerunt
1940 4425 2088 4508 predicto

589 4510 643 4572 die
656 4509 791 4573 Veneris
806 4531 862 4594 per
878 4514 1048 4576 servicium
1064 4533 1119 4577 un.
1136 4515 1159 4578 f.
1176 4534 1221 4578 m.

632 4666 771 4729 Thomas
785 4667 824 4729 de
840 4668 949 4746 Dacre,
965 4669 1005 4732 de
1020 4669 1167 4747 Navard,
1183 4671 1217 4731 in
1234 4671 1392 4733 comitatu
1409 4671 1546 4746 Cumbr’,
1560 4671 1664 4748 miles,
1690 4669 1754 4733 fuit
1780 4669 1866 4732 solus
1895 4669 2023 4731 saisitus
2050 4669 2084 4730 in

588 4755 750 4818 dominico
773 4775 842 4833 suc,
870 4763 907 4818 ut
933 4758 972 4818 de
996 4755 1098 4835 feodo,
1122 4757 1268 4840 predicto
1294 4759 1347 4820 die
1372 4757 1521 4835 Veneris,
1547 4758 1586 4820 de
1612 4759 1754 4820 manerio
1777 4757 1817 4819 de
1843 4757 1979 4822 Hannon
2010 4776 2087 4818 cum

588 4863 645 4927 per
661 4841 854 4919 inenciis,in
866 4846 1024 4906 comitatu
1035 4844 1222 4907 Lancastrie
1238 4845 1393 4926 predicto,
1403 4847 1487 4928 quod
1503 4846 1632 4928 quidem
1649 4845 1829 4908 manerium
1845 4865 1919 4906 cum
1934 4842 2088 4906 membris

588 4937 620 4992 et
648 4931 856 5012 pertinenciis
881 4930 1047 5013 predictus
1072 4932 1211 4994 Thomas
1235 4933 1276 4994 de
1303 4932 1404 4994 Dacre
1431 4933 1576 5015 predicto
1599 4933 1651 4995 die
1675 4931 1811 4994 Veneris
1837 4952 1893 5014 per
1915 4931 2087 4993 servicium

588 5039 643 5080 nn.
660 5015 683 5080 f.
699 5037 744 5082 m.
759 5018 879 5079 tenuit.

631 5167 808 5247 Johannes,
823 5169 888 5231 dux
903 5168 1088 5248 Bedfordie,
1102 5191 1204 5253 nuper
1219 5172 1260 5233 de
1277 5169 1454 5243 Londonia,
1480 5167 1545 5230 fuit
1570 5169 1700 5230 seisitus
1727 5173 1786 5229 etc.
1814 5169 1854 5231 de
1879 5168 2019 5229 manerio
2046 5167 2087 5230 de

589 5257 827 5323 Manannonrsn
849 5277 924 5318 cum
947 5257 1164 5343 pertinenciis,
1186 5260 1221 5320 in
1245 5259 1407 5320 comitatu
1433 5255 1629 5331 Lancastrie‚
1653 5260 1687 5317 ct
1701 5255 1783 5316 illud
1801 5255 1888 5318 idem
1903 5255 2086 5316 manerium

589 5365 664 5408 cum
680 5342 831 5407 membris
845 5349 880 5406 et
894 5344 1101 5427 pertinenciis
1116 5346 1181 5407 suis
1196 5347 1306 5408 tenuit
1322 5351 1385 5408 etc.
1402 5364 1459 5427 per
1473 5343 1643 5406 servicium
1659 5361 1715 5404 un.
1731 5341 1755 5406 f.
1773 5362 1816 5403 m.

631 5493 651 5556 J
654 5491 791 5571 ohanna,
806 5493 967 5556 abbatissa
981 5495 1021 5558 de
1035 5492 1132 5577 Syon,
1143 5495 1185 5556 de
1199 5495 1358 5557 comitatu
1372 5493 1596 5569 Middlesexie,
1605 5492 1671 5554 fuit
1685 5491 1795 5554 saisita
1810 5499 1872 5556 etc.
1885 5491 1924 5553 dc
1940 5492 2088 5554 manerio

590 5584 629 5644 de
658 5582 813 5647 Annonvs
841 5601 916 5644 cum
941 5583 1160 5665 pertinenciis,
1186 5587 1225 5644 ut
1250 5581 1379 5665 injure
1408 5580 1542 5642 ecclesie
1565 5600 1622 5641 sue
1650 5579 1807 5660 predicte,
1835 5578 1921 5662 quod
1951 5579 2086 5660 quidem
2156 5655 2166 5666 .

590 5670 772 5732 manerium
788 5671 1015 5732 amortisatum
1030 5670 1095 5731 fuit
1109 5670 1255 5752 predicte
1270 5669 1291 5732 J
1293 5668 1428 5746 ohanne,
1443 5667 1602 5729 abbatisse
1618 5666 1658 5729 de
1685 5664 1783 5747 Syon,
1797 5671 1831 5728 et
1854 5665 2087 5728 successoribus

589 5756 658 5840 ejus
683 5758 717 5819 in
742 5777 857 5840 puram
883 5762 917 5820 et
941 5765 1132 5840 perpetuam
1162 5757 1371 5820 elemosinam
1402 5759 1474 5837 post
1503 5774 1625 5816 annum
1655 5753 1846 5815 vicesimum
1876 5754 1969 5836 regni
1998 5753 2087 5836 regis

590 5844 739 5907 Edwardi
752 5845 848 5926 primi
865 5852 937 5925 post
960 5854 1183 5927 conquestum,
1207 5857 1241 5906 et
1268 5843 1353 5906 valet
1375 5862 1432 5926 per
1456 5861 1578 5904 annum
1601 5842 1637 5903 in
1661 5839 1811 5902 omnibus
1832 5839 1973 5903 exitibus
2000 5840 2088 5902 ultra

588 5933 721 6014 reprisas
735 5930 908 5994 rationales
923 5938 958 5994 et
973 5936 1174 6010 necessarias,
1190 5932 1339 5996 xlmorc.
