<?xml version="1.0" encoding="UTF-8"?>
<!DOCTYPE html PUBLIC "-//W3C//DTD XHTML 1.0 Transitional//EN"
    "http://www.w3.org/TR/xhtml1/DTD/xhtml1-transitional.dtd">
<html xmlns="http://www.w3.org/1999/xhtml" xml:lang="en" lang="en">
 <head>
  <title>
</title>
<meta http-equiv="Content-Type" content="text/html;charset=utf-8" />
  <meta name='ocr-system' content='tesseract 3.04.00' />
  <meta name='ocr-capabilities' content='ocr_page ocr_carea ocr_par ocr_line ocrx_word'/>
</head>
<body>
  <div class='ocr_page' id='page_1' title='image "./inquisitionsand00offigoog_0588.png"; bbox 0 0 5000 7050; ppageno 0'>
   <div class='ocr_carea' id='block_1_1' title="bbox 536 1046 1398 1118">
    <p class='ocr_par' dir='ltr' id='par_1_1' title="bbox 536 1046 1398 1118">
     <span class='ocr_line' id='line_1_1' title="bbox 536 1046 1398 1118; baseline 0.005 -8"><span class='ocrx_word' id='word_1_1' title='bbox 536 1047 600 1114; x_wconf 77' lang='lat'><strong>570</strong></span> <span class='ocrx_word' id='word_1_2' title='bbox 1177 1046 1398 1118; x_wconf 85' lang='lat' dir='ltr'><strong>NORFOLK.</strong></span> 
     </span>
    </p>
   </div>
   <div class='ocr_carea' id='block_1_2' title="bbox 534 1340 2050 1515">
    <p class='ocr_par' dir='ltr' id='par_1_2' title="bbox 534 1340 2050 1515">
     <span class='ocr_line' id='line_1_2' title="bbox 576 1340 2050 1431; baseline 0 -23"><span class='ocrx_word' id='word_1_3' title='bbox 576 1340 742 1408; x_wconf 76' lang='lat' dir='ltr'><strong>lohannes</strong></span> <span class='ocrx_word' id='word_1_4' title='bbox 757 1341 910 1427; x_wconf 80' lang='lat' dir='ltr'><strong>(llipeeby</strong></span> <span class='ocrx_word' id='word_1_5' title='bbox 925 1347 1018 1408; x_wconf 91' lang='lat' dir='ltr'><strong>tenet</strong></span> <span class='ocrx_word' id='word_1_6' title='bbox 1032 1343 1067 1407; x_wconf 90' lang='lat' dir='ltr'><strong>in</strong></span> <span class='ocrx_word' id='word_1_7' title='bbox 1084 1343 1247 1410; x_wconf 72' lang='lat' dir='ltr'><strong>Cusueuu</strong></span> <span class='ocrx_word' id='word_1_8' title='bbox 1262 1348 1296 1408; x_wconf 91' lang='lat' dir='ltr'><strong>et</strong></span> <span class='ocrx_word' id='word_1_9' title='bbox 1311 1343 1442 1412; x_wconf 68' lang='lat' dir='ltr'><strong>Rufum</strong></span> <span class='ocrx_word' id='word_1_10' title='bbox 1459 1343 1504 1408; x_wconf 91' lang='lat' dir='ltr'><strong>di.</strong></span> <span class='ocrx_word' id='word_1_11' title='bbox 1516 1343 1538 1409; x_wconf 85' lang='lat' dir='ltr'><strong>f.</strong></span> <span class='ocrx_word' id='word_1_12' title='bbox 1552 1365 1597 1410; x_wconf 92' lang='lat' dir='ltr'><strong>m.</strong></span> <span class='ocrx_word' id='word_1_13' title='bbox 1612 1345 1788 1410; x_wconf 89' lang='lat' dir='ltr'><strong>inmediate</strong></span> <span class='ocrx_word' id='word_1_14' title='bbox 1804 1347 1844 1410; x_wconf 92' lang='lat' dir='ltr'><strong>de</strong></span> <span class='ocrx_word' id='word_1_15' title='bbox 1860 1345 2050 1431; x_wconf 81' lang='lat' dir='ltr'><strong>Reginaldo</strong></span> 
     </span>
     <span class='ocr_line' id='line_1_3' title="bbox 534 1428 1362 1515; baseline 0.005 -21"><span class='ocrx_word' id='word_1_16' title='bbox 534 1428 645 1494; x_wconf 83' lang='lat' dir='ltr'><strong>Eccles</strong></span> <span class='ocrx_word' id='word_1_17' title='bbox 661 1429 747 1515; x_wconf 91' lang='lat' dir='ltr'><strong>quod</strong></span> <span class='ocrx_word' id='word_1_18' title='bbox 761 1449 867 1514; x_wconf 87' lang='lat' dir='ltr'><strong>nuper</strong></span> <span class='ocrx_word' id='word_1_19' title='bbox 880 1431 944 1495; x_wconf 85' lang='lat' dir='ltr'><strong>fuit</strong></span> <span class='ocrx_word' id='word_1_20' title='bbox 960 1429 1120 1497; x_wconf 81' lang='lat' dir='ltr'><strong>Jobnnnie</strong></span> <span class='ocrx_word' id='word_1_21' title='bbox 1134 1431 1174 1496; x_wconf 90' lang='lat' dir='ltr'><strong>de</strong></span> <span class='ocrx_word' id='word_1_22' title='bbox 1189 1430 1362 1498; x_wconf 80' lang='lat' dir='ltr'><strong>Snlicibus.</strong></span> 
     </span>
    </p>
   </div>
   <div class='ocr_carea' id='block_1_3' title="bbox 578 1565 2050 1654">
    <p class='ocr_par' dir='ltr' id='par_1_3' title="bbox 578 1565 2050 1654">
     <span class='ocr_line' id='line_1_4' title="bbox 578 1565 2050 1654; baseline 0 -23"><span class='ocrx_word' id='word_1_23' title='bbox 578 1565 703 1631; x_wconf 89' lang='lat' dir='ltr'><strong>Dicunt</strong></span> <span class='ocrx_word' id='word_1_24' title='bbox 717 1569 819 1632; x_wconf 87' lang='lat' dir='ltr'><strong>eciam</strong></span> <span class='ocrx_word' id='word_1_25' title='bbox 830 1567 991 1651; x_wconf 87' lang='lat' dir='ltr'><strong>juratores</strong></span> <span class='ocrx_word' id='word_1_26' title='bbox 1005 1567 1146 1652; x_wconf 80' lang='lat' dir='ltr'><strong>predicti</strong></span> <span class='ocrx_word' id='word_1_27' title='bbox 1161 1568 1249 1653; x_wconf 90' lang='lat' dir='ltr'><strong>qnod</strong></span> <span class='ocrx_word' id='word_1_28' title='bbox 1263 1569 1354 1632; x_wconf 90' lang='lat' dir='ltr'><strong>nulle</strong></span> <span class='ocrx_word' id='word_1_29' title='bbox 1369 1574 1447 1633; x_wconf 90' lang='lat' dir='ltr'><strong>sunt</strong></span> <span class='ocrx_word' id='word_1_30' title='bbox 1461 1569 1524 1633; x_wconf 86' lang='lat' dir='ltr'><strong>alie</strong></span> <span class='ocrx_word' id='word_1_31' title='bbox 1538 1590 1672 1654; x_wconf 84' lang='lat' dir='ltr'>persone</span> <span class='ocrx_word' id='word_1_32' title='bbox 1688 1573 1755 1635; x_wconf 85' lang='lat' dir='ltr'><strong>sive</strong></span> <span class='ocrx_word' id='word_1_33' title='bbox 1779 1575 1936 1635; x_wconf 87' lang='lat' dir='ltr'><strong>tenentes</strong></span> <span class='ocrx_word' id='word_1_34' title='bbox 1961 1570 2050 1634; x_wconf 86' lang='lat' dir='ltr'><strong>infra</strong></span> 
     </span>
    </p>
   </div>
   <div class='ocr_carea' id='block_1_4' title="bbox 396 1651 2052 1739">
    <p class='ocr_par' dir='ltr' id='par_1_4' title="bbox 396 1651 2052 1739">
     <span class='ocr_line' id='line_1_5' title="bbox 396 1651 2052 1739; baseline 0.002 -23"><span class='ocrx_word' id='word_1_35' title='bbox 396 1686 411 1710; x_wconf 66' lang='grc' dir='ltr'><strong>ι</strong></span> <span class='ocrx_word' id='word_1_36' title='bbox 535 1651 742 1720; x_wconf 79' lang='lat' dir='ltr'><strong>hundredum</strong></span> <span class='ocrx_word' id='word_1_37' title='bbox 756 1655 940 1739; x_wconf 85' lang='lat' dir='ltr'><strong>predictum</strong></span> <span class='ocrx_word' id='word_1_38' title='bbox 951 1657 1054 1720; x_wconf 88' lang='lat' dir='ltr'><strong>seisiti</strong></span> <span class='ocrx_word' id='word_1_39' title='bbox 1066 1659 1101 1721; x_wconf 89' lang='lat' dir='ltr'><strong>in</strong></span> <span class='ocrx_word' id='word_1_40' title='bbox 1112 1657 1277 1720; x_wconf 91' lang='lat' dir='ltr'><strong>dominico</strong></span> <span class='ocrx_word' id='word_1_41' title='bbox 1287 1677 1346 1720; x_wconf 86' lang='lat' dir='ltr'><strong>suo</strong></span> <span class='ocrx_word' id='word_1_42' title='bbox 1356 1657 1536 1721; x_wconf 86' lang='lat' dir='ltr'><strong>inmediete</strong></span> <span class='ocrx_word' id='word_1_43' title='bbox 1548 1664 1587 1721; x_wconf 92' lang='lat' dir='ltr'><strong>ut</strong></span> <span class='ocrx_word' id='word_1_44' title='bbox 1598 1659 1638 1722; x_wconf 92' lang='lat' dir='ltr'><strong>de</strong></span> <span class='ocrx_word' id='word_1_45' title='bbox 1648 1658 1750 1724; x_wconf 89' lang='lat' dir='ltr'><strong>libero</strong></span> <span class='ocrx_word' id='word_1_46' title='bbox 1760 1664 1951 1722; x_wconf 73' lang='lat' dir='ltr'><strong>tenemento</strong></span> <span class='ocrx_word' id='word_1_47' title='bbox 1962 1659 2052 1722; x_wconf 89' lang='lat' dir='ltr'><strong>unde</strong></span> 
     </span>
    </p>
   </div>
   <div class='ocr_carea' id='block_1_5' title="bbox 533 1742 2052 1982">
    <p class='ocr_par' dir='ltr' id='par_1_5' title="bbox 533 1742 2052 1982">
     <span class='ocr_line' id='line_1_6' title="bbox 533 1742 2052 1830; baseline 0.006 -28"><span class='ocrx_word' id='word_1_48' title='bbox 533 1742 634 1805; x_wconf 89' lang='lat' dir='ltr'><strong>iidem</strong></span> <span class='ocrx_word' id='word_1_49' title='bbox 663 1761 799 1826; x_wconf 89' lang='lat' dir='ltr'><strong>persone</strong></span> <span class='ocrx_word' id='word_1_50' title='bbox 828 1743 897 1807; x_wconf 83' lang='lat' dir='ltr'><strong>sive</strong></span> <span class='ocrx_word' id='word_1_51' title='bbox 926 1749 1079 1807; x_wconf 86' lang='lat' dir='ltr'><strong>tenentes</strong></span> <span class='ocrx_word' id='word_1_52' title='bbox 1107 1745 1335 1827; x_wconf 88' lang='lat' dir='ltr'><strong>possessionati</strong></span> <span class='ocrx_word' id='word_1_53' title='bbox 1363 1747 1521 1822; x_wconf 86' lang='lat' dir='ltr'><strong>existunt,</strong></span> <span class='ocrx_word' id='word_1_54' title='bbox 1550 1747 1608 1830; x_wconf 91' lang='lat' dir='ltr'><strong>qui</strong></span> <span class='ocrx_word' id='word_1_55' title='bbox 1638 1751 1753 1811; x_wconf 90' lang='lat' dir='ltr'><strong>tenent</strong></span> <span class='ocrx_word' id='word_1_56' title='bbox 1785 1767 1844 1830; x_wconf 89' lang='lat' dir='ltr'><strong>per</strong></span> <span class='ocrx_word' id='word_1_57' title='bbox 1874 1747 2052 1828; x_wconf 85' lang='lat' dir='ltr'><strong>integrum</strong></span> 
     </span>
     <span class='ocr_line' id='line_1_7' title="bbox 535 1828 2052 1982; baseline 0.002 -89"><span class='ocrx_word' id='word_1_58' title='bbox 535 1828 817 1982; x_wconf 48' lang='lat' dir='ltr'><strong>{goceliffiemilitis</strong></span> <span class='ocrx_word' id='word_1_59' title='bbox 843 1831 1071 1911; x_wconf 83' lang='lat' dir='ltr'><strong>medietatem,</strong></span> <span class='ocrx_word' id='word_1_60' title='bbox 1099 1833 1235 1896; x_wconf 82' lang='lat' dir='ltr'><strong>tercium</strong></span> <span class='ocrx_word' id='word_1_61' title='bbox 1262 1831 1313 1897; x_wconf 86' lang='lat' dir='ltr'><strong>vel</strong></span> <span class='ocrx_word' id='word_1_62' title='bbox 1343 1841 1494 1920; x_wconf 80' lang='lat' dir='ltr'><strong>quartem</strong></span> <span class='ocrx_word' id='word_1_63' title='bbox 1523 1839 1652 1915; x_wconf 78' lang='lat' dir='ltr'><strong>partem</strong></span> <span class='ocrx_word' id='word_1_64' title='bbox 1680 1836 1777 1899; x_wconf 91' lang='lat' dir='ltr'><strong>unius</strong></span> <span class='ocrx_word' id='word_1_65' title='bbox 1806 1832 1895 1898; x_wconf 83' lang='lat' dir='ltr'><strong>leodi</strong></span> <span class='ocrx_word' id='word_1_66' title='bbox 1926 1835 2052 1898; x_wconf 88' lang='lat' dir='ltr'><strong>militis</strong></span> 
     </span>
    </p>
   </div>
   <div class='ocr_carea' id='block_1_6' title="bbox 535 2055 2055 2229">
    <p class='ocr_par' dir='ltr' id='par_1_6' title="bbox 535 2055 2055 2229">
     <span class='ocr_line' id='line_1_8' title="bbox 580 2055 2055 2144; baseline 0.003 -25"><span class='ocrx_word' id='word_1_67' title='bbox 580 2055 621 2120; x_wconf 90' lang='lat' dir='ltr'><strong>In</strong></span> <span class='ocrx_word' id='word_1_68' title='bbox 657 2055 751 2140; x_wconf 89' lang='lat' dir='ltr'><strong>cujus</strong></span> <span class='ocrx_word' id='word_1_69' title='bbox 785 2059 835 2120; x_wconf 88' lang='lat' dir='ltr'><strong>rei</strong></span> <span class='ocrx_word' id='word_1_70' title='bbox 871 2059 1100 2122; x_wconf 84' lang='lat' dir='ltr'><strong>testimonium</strong></span> <span class='ocrx_word' id='word_1_71' title='bbox 1136 2057 1302 2143; x_wconf 82' lang='lat' dir='ltr'><strong>juratores</strong></span> <span class='ocrx_word' id='word_1_72' title='bbox 1331 2057 1468 2141; x_wconf 77' lang='lat' dir='ltr'><strong>predicti</strong></span> <span class='ocrx_word' id='word_1_73' title='bbox 1497 2057 1575 2122; x_wconf 90' lang='lat' dir='ltr'><strong>huic</strong></span> <span class='ocrx_word' id='word_1_74' title='bbox 1609 2059 1819 2142; x_wconf 89' lang='lat' dir='ltr'><strong>inquisicioni</strong></span> <span class='ocrx_word' id='word_1_75' title='bbox 1849 2059 1964 2144; x_wconf 82' lang='lat' dir='ltr'><strong>sigilla</strong></span> <span class='ocrx_word' id='word_1_76' title='bbox 1995 2082 2055 2124; x_wconf 89' lang='lat' dir='ltr'><strong>sua</strong></span> 
     </span>
     <span class='ocr_line' id='line_1_9' title="bbox 535 2142 1463 2229; baseline 0.002 -21"><span class='ocrx_word' id='word_1_77' title='bbox 535 2149 765 2228; x_wconf 76' lang='lat' dir='ltr'><strong>apposuerunt.</strong></span> <span class='ocrx_word' id='word_1_78' title='bbox 808 2142 932 2209; x_wconf 85' lang='lat' dir='ltr'><strong>Datum</strong></span> <span class='ocrx_word' id='word_1_79' title='bbox 948 2144 1003 2209; x_wconf 90' lang='lat' dir='ltr'><strong>die</strong></span> <span class='ocrx_word' id='word_1_80' title='bbox 1017 2143 1088 2209; x_wconf 88' lang='lat' dir='ltr'><strong>loco</strong></span> <span class='ocrx_word' id='word_1_81' title='bbox 1103 2151 1139 2209; x_wconf 89' lang='lat' dir='ltr'><strong>et</strong></span> <span class='ocrx_word' id='word_1_82' title='bbox 1152 2165 1237 2208; x_wconf 92' lang='lat' dir='ltr'><strong>enno</strong></span> <span class='ocrx_word' id='word_1_83' title='bbox 1251 2145 1463 2229; x_wconf 87' lang='lat' dir='ltr'><strong>supradictis.</strong></span> 
     </span>
    </p>
   </div>
   <div class='ocr_carea' id='block_1_7' title="bbox 966 2536 1615 2618">
    <p class='ocr_par' dir='ltr' id='par_1_7' title="bbox 966 2536 1615 2618">
     <span class='ocr_line' id='line_1_10' title="bbox 966 2536 1615 2618; baseline -0.003 -15"><span class='ocrx_word' id='word_1_84' title='bbox 966 2536 1188 2605; x_wconf 83' lang='lat' dir='ltr'><strong>Huunnnnuu</strong></span> <span class='ocrx_word' id='word_1_85' title='bbox 1209 2557 1255 2605; x_wconf 85' lang='lat' dir='ltr'><strong>nn</strong></span> <span class='ocrx_word' id='word_1_86' title='bbox 1279 2537 1505 2606; x_wconf 77' lang='lat' dir='ltr'><strong>culcooso</strong></span> <span class='ocrx_word' id='word_1_87' title='bbox 1531 2539 1615 2618; x_wconf 81' lang='lat' dir='ltr'><strong>(sic).</strong></span> 
     </span>
    </p>
   </div>
   <div class='ocr_carea' id='block_1_8' title="bbox 540 2698 2059 3662">
    <p class='ocr_par' dir='ltr' id='par_1_8' title="bbox 540 2698 2059 3662">
     <span class='ocr_line' id='line_1_11' title="bbox 582 2698 2058 2788; baseline -0.001 -24"><span class='ocrx_word' id='word_1_88' title='bbox 582 2699 762 2786; x_wconf 82' lang='lat' dir='ltr'><strong>inquisicio</strong></span> <span class='ocrx_word' id='word_1_89' title='bbox 796 2708 895 2784; x_wconf 81' lang='lat' dir='ltr'><strong>cepta</strong></span> <span class='ocrx_word' id='word_1_90' title='bbox 929 2703 1017 2784; x_wconf 85' lang='lat' dir='ltr'><strong>apud</strong></span> <span class='ocrx_word' id='word_1_91' title='bbox 1047 2701 1265 2787; x_wconf 78' lang='lat' dir='ltr'><strong>Wetlyngtou</strong></span> <span class='ocrx_word' id='word_1_92' title='bbox 1295 2703 1330 2766; x_wconf 91' lang='lat' dir='ltr'><strong>in</strong></span> <span class='ocrx_word' id='word_1_93' title='bbox 1359 2703 1475 2788; x_wconf 84' lang='lat' dir='ltr'><strong>vigilie</strong></span> <span class='ocrx_word' id='word_1_94' title='bbox 1505 2700 1700 2765; x_wconf 74' lang='lat' dir='ltr'><strong>Natiuitatis</strong></span> <span class='ocrx_word' id='word_1_95' title='bbox 1738 2698 1852 2763; x_wconf 85' lang='lat' dir='ltr'><strong>Sancti</strong></span> <span class='ocrx_word' id='word_1_96' title='bbox 1890 2699 2058 2767; x_wconf 80' lang='lat' dir='ltr'><strong>Jobnunis</strong></span> 
     </span>
     <span class='ocr_line' id='line_1_12' title="bbox 540 2786 2058 2873; baseline 0 -22"><span class='ocrx_word' id='word_1_97' title='bbox 540 2787 688 2872; x_wconf 87' lang='lat' dir='ltr'><strong>Baptiete</strong></span> <span class='ocrx_word' id='word_1_98' title='bbox 711 2807 800 2852; x_wconf 86' lang='lat' dir='ltr'><strong>enno</strong></span> <span class='ocrx_word' id='word_1_99' title='bbox 823 2789 918 2872; x_wconf 81' lang='lat' dir='ltr'><strong>regni</strong></span> <span class='ocrx_word' id='word_1_100' title='bbox 941 2791 1027 2873; x_wconf 80' lang='lat' dir='ltr'><strong>regis</strong></span> <span class='ocrx_word' id='word_1_101' title='bbox 1050 2789 1184 2853; x_wconf 85' lang='lat' dir='ltr'><strong>Henrici</strong></span> <span class='ocrx_word' id='word_1_102' title='bbox 1212 2791 1298 2854; x_wconf 83' lang='lat' dir='ltr'><strong>sexti</strong></span> <span class='ocrx_word' id='word_1_103' title='bbox 1321 2796 1411 2853; x_wconf 87' lang='lat' dir='ltr'><strong>sexto</strong></span> <span class='ocrx_word' id='word_1_104' title='bbox 1435 2809 1543 2852; x_wconf 79' lang='lat' dir='ltr'><strong>cotem</strong></span> <span class='ocrx_word' id='word_1_105' title='bbox 1565 2786 1722 2852; x_wconf 87' lang='lat' dir='ltr'><strong>Nicboleo</strong></span> <span class='ocrx_word' id='word_1_106' title='bbox 1745 2788 1867 2864; x_wconf 76' lang='lat' dir='ltr'><strong>castel,</strong></span> <span class='ocrx_word' id='word_1_107' title='bbox 1883 2787 2058 2851; x_wconf 91' lang='lat' dir='ltr'><strong>Willelmo</strong></span> 
     </span>
     <span class='ocr_line' id='line_1_13' title="bbox 540 2874 2056 2958; baseline 0.001 -23"><span class='ocrx_word' id='word_1_108' title='bbox 540 2875 683 2955; x_wconf 80' lang='lat' dir='ltr'><strong>walton,</strong></span> <span class='ocrx_word' id='word_1_109' title='bbox 700 2874 839 2940; x_wconf 86' lang='lat' dir='ltr'><strong>Ricerdo</strong></span> <span class='ocrx_word' id='word_1_110' title='bbox 854 2874 959 2940; x_wconf 89' lang='lat' dir='ltr'><strong>Boure</strong></span> <span class='ocrx_word' id='word_1_111' title='bbox 973 2884 1010 2940; x_wconf 88' lang='lat' dir='ltr'><strong>et</strong></span> <span class='ocrx_word' id='word_1_112' title='bbox 1024 2878 1118 2940; x_wconf 88' lang='lat' dir='ltr'><strong>sociis</strong></span> <span class='ocrx_word' id='word_1_113' title='bbox 1134 2879 1200 2941; x_wconf 87' lang='lat' dir='ltr'><strong>suis</strong></span> <span class='ocrx_word' id='word_1_114' title='bbox 1215 2875 1444 2941; x_wconf 75' lang='lat' dir='ltr'><strong>collectoribus</strong></span> <span class='ocrx_word' id='word_1_115' title='bbox 1459 2876 1593 2940; x_wconf 79' lang='lat' dir='ltr'><strong>subsidii</strong></span> <span class='ocrx_word' id='word_1_116' title='bbox 1608 2875 1732 2939; x_wconf 92' lang='lat' dir='ltr'><strong>domini</strong></span> <span class='ocrx_word' id='word_1_117' title='bbox 1757 2876 1843 2958; x_wconf 84' lang='lat' dir='ltr'><strong>regis</strong></span> <span class='ocrx_word' id='word_1_118' title='bbox 1867 2876 1904 2938; x_wconf 94' lang='lat' dir='ltr'><strong>in</strong></span> <span class='ocrx_word' id='word_1_119' title='bbox 1929 2875 2056 2938; x_wconf 89' lang='lat' dir='ltr'><strong>ultimo</strong></span> 
     </span>
     <span class='ocr_line' id='line_1_14' title="bbox 540 2960 2057 3047; baseline -0.001 -21"><span class='ocrx_word' id='word_1_120' title='bbox 540 2963 752 3046; x_wconf 72' lang='lat' dir='ltr'><strong>parliamento</strong></span> <span class='ocrx_word' id='word_1_121' title='bbox 775 2983 834 3028; x_wconf 88' lang='lat' dir='ltr'><strong>suo</strong></span> <span class='ocrx_word' id='word_1_122' title='bbox 857 2964 944 3046; x_wconf 86' lang='lat' dir='ltr'><strong>apud</strong></span> <span class='ocrx_word' id='word_1_123' title='bbox 969 2962 1295 3030; x_wconf 67' lang='lat' dir='ltr'><strong>westmonasterium</strong></span> <span class='ocrx_word' id='word_1_124' title='bbox 1322 2966 1358 3027; x_wconf 92' lang='lat' dir='ltr'><strong>in</strong></span> <span class='ocrx_word' id='word_1_125' title='bbox 1388 2963 1552 3047; x_wconf 84' lang='lat' dir='ltr'><strong>quindena</strong></span> <span class='ocrx_word' id='word_1_126' title='bbox 1582 2961 1694 3026; x_wconf 76' lang='lat' dir='ltr'><strong>Sancti</strong></span> <span class='ocrx_word' id='word_1_127' title='bbox 1724 2960 1898 3025; x_wconf 74' lang='lat' dir='ltr'><strong>Michaelis</strong></span> <span class='ocrx_word' id='word_1_128' title='bbox 1930 2961 2057 3026; x_wconf 90' lang='lat' dir='ltr'><strong>ultimo</strong></span> 
     </span>
     <span class='ocr_line' id='line_1_15' title="bbox 541 3049 2057 3133; baseline 0 -21"><span class='ocrx_word' id='word_1_129' title='bbox 541 3052 701 3132; x_wconf 82' lang='lat' dir='ltr'><strong>preterito</strong></span> <span class='ocrx_word' id='word_1_130' title='bbox 722 3057 816 3114; x_wconf 87' lang='lat' dir='ltr'><strong>tento</strong></span> <span class='ocrx_word' id='word_1_131' title='bbox 842 3057 874 3114; x_wconf 87' lang='lat' dir='ltr'><strong>et</strong></span> <span class='ocrx_word' id='word_1_132' title='bbox 899 3053 1040 3115; x_wconf 86' lang='lat' dir='ltr'><strong>concessi</strong></span> <span class='ocrx_word' id='word_1_133' title='bbox 1067 3071 1125 3133; x_wconf 86' lang='lat' dir='ltr'><strong>per</strong></span> <span class='ocrx_word' id='word_1_134' title='bbox 1149 3059 1386 3116; x_wconf 85' lang='lat' dir='ltr'><strong>sacramentum</strong></span> <span class='ocrx_word' id='word_1_135' title='bbox 1410 3051 1569 3118; x_wconf 74' lang='lat' dir='ltr'><strong>lobannis</strong></span> <span class='ocrx_word' id='word_1_136' title='bbox 1595 3049 1776 3132; x_wconf 86' lang='lat' dir='ltr'><strong>Brundyce,</strong></span> <span class='ocrx_word' id='word_1_137' title='bbox 1791 3049 1952 3114; x_wconf 85' lang='lat' dir='ltr'><strong>Willelmi</strong></span> <span class='ocrx_word' id='word_1_138' title='bbox 1981 3057 2057 3114; x_wconf 88' lang='lat' dir='ltr'><strong>atte</strong></span> 
     </span>
     <span class='ocr_line' id='line_1_16' title="bbox 541 3135 2057 3222; baseline -0.002 -21"><span class='ocrx_word' id='word_1_139' title='bbox 541 3138 644 3215; x_wconf 68' lang='lat' dir='ltr'><strong>Irene,</strong></span> <span class='ocrx_word' id='word_1_140' title='bbox 672 3137 813 3202; x_wconf 81' lang='lat' dir='ltr'><strong>Guliridi</strong></span> <span class='ocrx_word' id='word_1_141' title='bbox 844 3136 1013 3216; x_wconf 85' lang='lat' dir='ltr'><strong>Stonhem,</strong></span> <span class='ocrx_word' id='word_1_142' title='bbox 1043 3137 1201 3205; x_wconf 85' lang='lat' dir='ltr'><strong>Johennis</strong></span> <span class='ocrx_word' id='word_1_143' title='bbox 1230 3140 1360 3222; x_wconf 89' lang='lat' dir='ltr'><strong>Bilney‚</strong></span> <span class='ocrx_word' id='word_1_144' title='bbox 1391 3139 1525 3201; x_wconf 88' lang='lat' dir='ltr'><strong>Henrici</strong></span> <span class='ocrx_word' id='word_1_145' title='bbox 1555 3137 1670 3215; x_wconf 90' lang='lat' dir='ltr'><strong>Poule,</strong></span> <span class='ocrx_word' id='word_1_146' title='bbox 1699 3136 1866 3202; x_wconf 85' lang='lat' dir='ltr'><strong>Edmundi</strong></span> <span class='ocrx_word' id='word_1_147' title='bbox 1897 3135 2057 3220; x_wconf 82' lang='lat' dir='ltr'><strong>Fyesher,</strong></span> 
     </span>
     <span class='ocr_line' id='line_1_17' title="bbox 542 3222 2057 3308; baseline -0.001 -20"><span class='ocrx_word' id='word_1_148' title='bbox 542 3225 669 3289; x_wconf 86' lang='lat' dir='ltr'><strong>Andree</strong></span> <span class='ocrx_word' id='word_1_149' title='bbox 693 3225 885 3302; x_wconf 85' lang='lat' dir='ltr'><strong>Schnrlette‚</strong></span> <span class='ocrx_word' id='word_1_150' title='bbox 900 3225 1058 3289; x_wconf 88' lang='lat' dir='ltr'><strong>Willelmi</strong></span> <span class='ocrx_word' id='word_1_151' title='bbox 1084 3227 1209 3303; x_wconf 85' lang='lat' dir='ltr'><strong>Oroese,</strong></span> <span class='ocrx_word' id='word_1_152' title='bbox 1233 3225 1366 3290; x_wconf 84' lang='lat' dir='ltr'><strong>Ricerdi</strong></span> <span class='ocrx_word' id='word_1_153' title='bbox 1390 3225 1511 3302; x_wconf 82' lang='lat' dir='ltr'><strong>Oreste,</strong></span> <span class='ocrx_word' id='word_1_154' title='bbox 1535 3225 1666 3288; x_wconf 78' lang='lat' dir='ltr'><strong>Ricardi</strong></span> <span class='ocrx_word' id='word_1_155' title='bbox 1682 3223 1871 3308; x_wconf 85' lang='lat' dir='ltr'><strong>Grymston,</strong></span> <span class='ocrx_word' id='word_1_156' title='bbox 1889 3222 2057 3290; x_wconf 85' lang='lat' dir='ltr'><strong>Johannis</strong></span> 
     </span>
     <span class='ocr_line' id='line_1_18' title="bbox 543 3309 2057 3397; baseline -0.001 -22"><span class='ocrx_word' id='word_1_157' title='bbox 543 3311 653 3392; x_wconf 89' lang='lat' dir='ltr'><strong>Purle‚</strong></span> <span class='ocrx_word' id='word_1_158' title='bbox 668 3309 820 3376; x_wconf 84' lang='lat' dir='ltr'><strong>Nicholni</strong></span> <span class='ocrx_word' id='word_1_159' title='bbox 833 3312 936 3396; x_wconf 86' lang='lat' dir='ltr'><strong>Peyn,</strong></span> <span class='ocrx_word' id='word_1_160' title='bbox 951 3314 1009 3397; x_wconf 92' lang='lat' dir='ltr'><strong>qui</strong></span> <span class='ocrx_word' id='word_1_161' title='bbox 1024 3313 1140 3377; x_wconf 90' lang='lat' dir='ltr'><strong>dicunt</strong></span> <span class='ocrx_word' id='word_1_162' title='bbox 1154 3333 1212 3396; x_wconf 84' lang='lat' dir='ltr'><strong>per</strong></span> <span class='ocrx_word' id='word_1_163' title='bbox 1227 3320 1467 3378; x_wconf 81' lang='lat' dir='ltr'><strong>sacromentum</strong></span> <span class='ocrx_word' id='word_1_164' title='bbox 1486 3333 1582 3376; x_wconf 90' lang='lat' dir='ltr'><strong>suum</strong></span> <span class='ocrx_word' id='word_1_165' title='bbox 1604 3312 1691 3397; x_wconf 91' lang='lat' dir='ltr'><strong>quod</strong></span> <span class='ocrx_word' id='word_1_166' title='bbox 1716 3332 1829 3377; x_wconf 87' lang='lat' dir='ltr'><strong>omnes</strong></span> <span class='ocrx_word' id='word_1_167' title='bbox 1853 3330 1988 3394; x_wconf 87' lang='lat' dir='ltr'><strong>persone</strong></span> <span class='ocrx_word' id='word_1_168' title='bbox 2018 3314 2057 3374; x_wconf 92' lang='lat' dir='ltr'><strong>in</strong></span> 
     </span>
     <span class='ocr_line' id='line_1_19' title="bbox 541 3398 2059 3486; baseline -0.001 -22"><span class='ocrx_word' id='word_1_169' title='bbox 541 3401 607 3464; x_wconf 79' lang='lat' dir='ltr'><strong>iste</strong></span> <span class='ocrx_word' id='word_1_170' title='bbox 634 3400 848 3484; x_wconf 89' lang='lat' dir='ltr'><strong>inquisicione</strong></span> <span class='ocrx_word' id='word_1_171' title='bbox 876 3407 1044 3464; x_wconf 78' lang='lat' dir='ltr'><strong>nominate</strong></span> <span class='ocrx_word' id='word_1_172' title='bbox 1070 3406 1149 3464; x_wconf 88' lang='lat' dir='ltr'><strong>sunt</strong></span> <span class='ocrx_word' id='word_1_173' title='bbox 1173 3402 1285 3465; x_wconf 87' lang='lat' dir='ltr'><strong>eeisite</strong></span> <span class='ocrx_word' id='word_1_174' title='bbox 1311 3407 1345 3465; x_wconf 89' lang='lat' dir='ltr'><strong>et</strong></span> <span class='ocrx_word' id='word_1_175' title='bbox 1367 3401 1606 3486; x_wconf 84' lang='lat' dir='ltr'><strong>possessionete</strong></span> <span class='ocrx_word' id='word_1_176' title='bbox 1631 3403 1664 3463; x_wconf 88' lang='lat' dir='ltr'><strong>et</strong></span> <span class='ocrx_word' id='word_1_177' title='bbox 1691 3419 1803 3464; x_wconf 92' lang='lat' dir='ltr'><strong>eorum</strong></span> <span class='ocrx_word' id='word_1_178' title='bbox 1828 3398 1976 3482; x_wconf 89' lang='lat' dir='ltr'><strong>quelibet</strong></span> <span class='ocrx_word' id='word_1_179' title='bbox 2003 3405 2059 3462; x_wconf 86' lang='lat' dir='ltr'><strong>est</strong></span> 
     </span>
     <span class='ocr_line' id='line_1_20' title="bbox 543 3485 2058 3572; baseline -0.001 -20"><span class='ocrx_word' id='word_1_180' title='bbox 543 3488 656 3552; x_wconf 80' lang='lat' dir='ltr'><strong>seisita</strong></span> <span class='ocrx_word' id='word_1_181' title='bbox 682 3493 717 3552; x_wconf 91' lang='lat' dir='ltr'><strong>et</strong></span> <span class='ocrx_word' id='word_1_182' title='bbox 741 3489 980 3572; x_wconf 86' lang='lat' dir='ltr'><strong>possessionate</strong></span> <span class='ocrx_word' id='word_1_183' title='bbox 1005 3489 1045 3552; x_wconf 89' lang='lat' dir='ltr'><strong>de</strong></span> <span class='ocrx_word' id='word_1_184' title='bbox 1067 3490 1164 3553; x_wconf 89' lang='lat' dir='ltr'><strong>terrie</strong></span> <span class='ocrx_word' id='word_1_185' title='bbox 1187 3495 1223 3554; x_wconf 89' lang='lat' dir='ltr'><strong>et</strong></span> <span class='ocrx_word' id='word_1_186' title='bbox 1247 3489 1446 3554; x_wconf 86' lang='lat' dir='ltr'><strong>tenementis</strong></span> <span class='ocrx_word' id='word_1_187' title='bbox 1471 3489 1508 3553; x_wconf 90' lang='lat' dir='ltr'><strong>in</strong></span> <span class='ocrx_word' id='word_1_188' title='bbox 1533 3487 1698 3553; x_wconf 90' lang='lat' dir='ltr'><strong>dominico</strong></span> <span class='ocrx_word' id='word_1_189' title='bbox 1725 3506 1782 3551; x_wconf 88' lang='lat' dir='ltr'><strong>sno</strong></span> <span class='ocrx_word' id='word_1_190' title='bbox 1806 3493 1845 3549; x_wconf 91' lang='lat' dir='ltr'><strong>ut</strong></span> <span class='ocrx_word' id='word_1_191' title='bbox 1874 3485 1917 3550; x_wconf 90' lang='lat' dir='ltr'><strong>de</strong></span> <span class='ocrx_word' id='word_1_192' title='bbox 1948 3485 2058 3551; x_wconf 88' lang='lat' dir='ltr'><strong>libero</strong></span> 
     </span>
     <span class='ocr_line' id='line_1_21' title="bbox 543 3574 2029 3662; baseline -0.004 -20"><span class='ocrx_word' id='word_1_193' title='bbox 543 3582 730 3642; x_wconf 85' lang='lat' dir='ltr'><strong>tenemento</strong></span> <span class='ocrx_word' id='word_1_194' title='bbox 744 3596 803 3640; x_wconf 85' lang='lat' dir='ltr'><strong>suo</strong></span> <span class='ocrx_word' id='word_1_195' title='bbox 816 3581 851 3641; x_wconf 86' lang='lat' dir='ltr'><strong>et</strong></span> <span class='ocrx_word' id='word_1_196' title='bbox 865 3582 980 3641; x_wconf 89' lang='lat' dir='ltr'><strong>tenent</strong></span> <span class='ocrx_word' id='word_1_197' title='bbox 995 3596 1052 3640; x_wconf 89' lang='lat' dir='ltr'><strong>eeu</strong></span> <span class='ocrx_word' id='word_1_198' title='bbox 1065 3581 1159 3641; x_wconf 82' lang='lat' dir='ltr'><strong>tenet</strong></span> <span class='ocrx_word' id='word_1_199' title='bbox 1172 3576 1269 3641; x_wconf 90' lang='lat' dir='ltr'><strong>modo</strong></span> <span class='ocrx_word' id='word_1_200' title='bbox 1284 3581 1318 3640; x_wconf 88' lang='lat' dir='ltr'><strong>et</strong></span> <span class='ocrx_word' id='word_1_201' title='bbox 1333 3576 1437 3640; x_wconf 91' lang='lat' dir='ltr'><strong>forma</strong></span> <span class='ocrx_word' id='word_1_202' title='bbox 1451 3578 1508 3662; x_wconf 90' lang='lat' dir='ltr'><strong>qui</strong></span> <span class='ocrx_word' id='word_1_203' title='bbox 1523 3582 1689 3654; x_wconf 87' lang='lat' dir='ltr'><strong>secuntm,</strong></span> <span class='ocrx_word' id='word_1_204' title='bbox 1704 3574 1859 3640; x_wconf 84' lang='lat' dir='ltr'><strong>videlicet</strong></span> <span class='ocrx_word' id='word_1_205' title='bbox 1874 3574 1960 3659; x_wconf 87' lang='lat' dir='ltr'><strong>quod</strong></span> <span class='ocrx_word' id='word_1_206' title='bbox 1972 3595 2029 3635; x_wconf 86' lang='lat'><strong>:-</strong></span> 
     </span>
    </p>
   </div>
   <div class='ocr_carea' id='block_1_9' title="bbox 544 3764 2061 3941">
    <p class='ocr_par' dir='ltr' id='par_1_9' title="bbox 544 3764 2061 3941">
     <span class='ocr_line' id='line_1_22' title="bbox 588 3764 2061 3872; baseline -0.001 -41"><span class='ocrx_word' id='word_1_207' title='bbox 588 3766 748 3872; x_wconf 65' lang='lat' dir='ltr'><strong>pominus</strong></span> <span class='ocrx_word' id='word_1_208' title='bbox 763 3766 863 3850; x_wconf 85' lang='lat' dir='ltr'><strong>Hugo</strong></span> <span class='ocrx_word' id='word_1_209' title='bbox 876 3765 1014 3832; x_wconf 82' lang='lat' dir='ltr'><strong>Bardolf</strong></span> <span class='ocrx_word' id='word_1_210' title='bbox 1023 3772 1117 3833; x_wconf 89' lang='lat' dir='ltr'><strong>tenet</strong></span> <span class='ocrx_word' id='word_1_211' title='bbox 1132 3768 1287 3832; x_wconf 89' lang='lat' dir='ltr'><strong>bonorem</strong></span> <span class='ocrx_word' id='word_1_212' title='bbox 1301 3766 1341 3832; x_wconf 88' lang='lat' dir='ltr'><strong>de</strong></span> <span class='ocrx_word' id='word_1_213' title='bbox 1356 3767 1569 3837; x_wconf 75' lang='lat' dir='ltr'><strong>Wmunenrn</strong></span> <span class='ocrx_word' id='word_1_214' title='bbox 1584 3772 1618 3832; x_wconf 89' lang='lat' dir='ltr'><strong>et</strong></span> <span class='ocrx_word' id='word_1_215' title='bbox 1642 3766 1711 3854; x_wconf 80' lang='lat' dir='ltr'><strong>jem</strong></span> <span class='ocrx_word' id='word_1_216' title='bbox 1739 3767 1775 3829; x_wconf 89' lang='lat' dir='ltr'><strong>in</strong></span> <span class='ocrx_word' id='word_1_217' title='bbox 1800 3784 1901 3829; x_wconf 85' lang='lat' dir='ltr'><strong>manu</strong></span> <span class='ocrx_word' id='word_1_218' title='bbox 1926 3764 2061 3830; x_wconf 90' lang='lat' dir='ltr'><strong>domini</strong></span> 
     </span>
     <span class='ocr_line' id='line_1_23' title="bbox 544 3874 641 3941; baseline 0 -19"><span class='ocrx_word' id='word_1_219' title='bbox 544 3874 641 3941; x_wconf 77' lang='lat' dir='ltr'><strong>regie.</strong></span> 
     </span>
    </p>
   </div>
   <div class='ocr_carea' id='block_1_10' title="bbox 546 3988 2062 4142">
    <p class='ocr_par' dir='ltr' id='par_1_10' title="bbox 546 3988 2062 4142">
     <span class='ocr_line' id='line_1_24' title="bbox 565 3988 2062 4141; baseline 0.001 -89"><span class='ocrx_word' id='word_1_220' title='bbox 565 3988 761 4141; x_wconf 74' lang='lat' dir='ltr'><strong>lrlbbutissa</strong></span> <span class='ocrx_word' id='word_1_221' title='bbox 788 3988 830 4053; x_wconf 90' lang='lat' dir='ltr'><strong>de</strong></span> <span class='ocrx_word' id='word_1_222' title='bbox 859 3988 1009 4054; x_wconf 74' lang='lat' dir='ltr'><strong>Morbum</strong></span> <span class='ocrx_word' id='word_1_223' title='bbox 1038 3994 1131 4056; x_wconf 87' lang='lat' dir='ltr'><strong>tenet</strong></span> <span class='ocrx_word' id='word_1_224' title='bbox 1159 3990 1195 4055; x_wconf 92' lang='lat' dir='ltr'><strong>in</strong></span> <span class='ocrx_word' id='word_1_225' title='bbox 1225 3990 1376 4058; x_wconf 74' lang='lat' dir='ltr'><strong>Menneu</strong></span> <span class='ocrx_word' id='word_1_226' title='bbox 1407 3991 1431 4077; x_wconf 83' lang='lat' dir='ltr'><strong>j.</strong></span> <span class='ocrx_word' id='word_1_227' title='bbox 1462 3990 1486 4056; x_wconf 81' lang='lat' dir='ltr'><strong>f.</strong></span> <span class='ocrx_word' id='word_1_228' title='bbox 1517 4012 1562 4055; x_wconf 91' lang='lat' dir='ltr'><strong>m.</strong></span> <span class='ocrx_word' id='word_1_229' title='bbox 1590 3990 1627 4052; x_wconf 91' lang='lat' dir='ltr'><strong>in</strong></span> <span class='ocrx_word' id='word_1_230' title='bbox 1654 4008 1769 4074; x_wconf 89' lang='lat' dir='ltr'><strong>puram</strong></span> <span class='ocrx_word' id='word_1_231' title='bbox 1798 3992 1832 4051; x_wconf 89' lang='lat' dir='ltr'><strong>et</strong></span> <span class='ocrx_word' id='word_1_232' title='bbox 1862 3992 2062 4072; x_wconf 85' lang='lat' dir='ltr'><strong>perpetuam</strong></span> 
     </span>
     <span class='ocr_line' id='line_1_25' title="bbox 546 4096 766 4142; baseline -0.014 0"><span class='ocrx_word' id='word_1_233' title='bbox 546 4099 565 4142; x_wconf 92' lang='lat' dir='ltr'><strong>e</strong></span> <span class='ocrx_word' id='word_1_234' title='bbox 577 4096 766 4142; x_wconf 84' lang='lat' dir='ltr'><strong>emosmam.</strong></span> 
     </span>
    </p>
   </div>
   <div class='ocr_carea' id='block_1_11' title="bbox 548 4210 2065 4367">
    <p class='ocr_par' dir='ltr' id='par_1_11' title="bbox 548 4210 2065 4367">
     <span class='ocr_line' id='line_1_26' title="bbox 596 4210 2065 4302; baseline 0 -23"><span class='ocrx_word' id='word_1_235' title='bbox 596 4211 643 4301; x_wconf 92' lang='lat'><strong>[.</strong></span> <span class='ocrx_word' id='word_1_236' title='bbox 689 4260 699 4280; x_wconf 88' lang='lat'><strong>.</strong></span> <span class='ocrx_word' id='word_1_237' title='bbox 744 4260 753 4279; x_wconf 91' lang='lat'><strong>.</strong></span> <span class='ocrx_word' id='word_1_238' title='bbox 800 4210 848 4302; x_wconf 91' lang='lat'><strong>.]</strong></span> <span class='ocrx_word' id='word_1_239' title='bbox 883 4214 1011 4300; x_wconf 85' lang='lat' dir='ltr'><strong>Galyon</strong></span> <span class='ocrx_word' id='word_1_240' title='bbox 1040 4215 1080 4282; x_wconf 88' lang='lat' dir='ltr'><strong>de</strong></span> <span class='ocrx_word' id='word_1_241' title='bbox 1109 4214 1320 4301; x_wconf 82' lang='lat' dir='ltr'><strong>Myldeuhale</strong></span> <span class='ocrx_word' id='word_1_242' title='bbox 1349 4222 1444 4281; x_wconf 90' lang='lat' dir='ltr'><strong>tenet</strong></span> <span class='ocrx_word' id='word_1_243' title='bbox 1474 4218 1509 4280; x_wconf 94' lang='lat' dir='ltr'><strong>in</strong></span> <span class='ocrx_word' id='word_1_244' title='bbox 1540 4215 1690 4285; x_wconf 75' lang='lat' dir='ltr'><strong>aneu</strong></span> <span class='ocrx_word' id='word_1_245' title='bbox 1715 4214 1744 4299; x_wconf 89' lang='lat' dir='ltr'><strong>j.</strong></span> <span class='ocrx_word' id='word_1_246' title='bbox 1769 4213 1793 4279; x_wconf 88' lang='lat' dir='ltr'><strong>f.</strong></span> <span class='ocrx_word' id='word_1_247' title='bbox 1821 4235 1865 4279; x_wconf 92' lang='lat' dir='ltr'><strong>m.</strong></span> <span class='ocrx_word' id='word_1_248' title='bbox 1891 4214 2065 4299; x_wconf 87' lang='lat' dir='ltr'><strong>quondam</strong></span> 
     </span>
     <span class='ocr_line' id='line_1_27' title="bbox 548 4300 828 4367; baseline 0.011 -4"><span class='ocrx_word' id='word_1_249' title='bbox 548 4301 707 4367; x_wconf 89' lang='lat' dir='ltr'><strong>Willelmi</strong></span> <span class='ocrx_word' id='word_1_250' title='bbox 721 4300 828 4366; x_wconf 89' lang='lat' dir='ltr'><strong>Belet.</strong></span> 
     </span>
    </p>
   </div>
   <div class='ocr_carea' id='block_1_12' title="bbox 549 4438 2064 4615">
    <p class='ocr_par' dir='ltr' id='par_1_12' title="bbox 549 4438 2064 4615">
     <span class='ocr_line' id='line_1_28' title="bbox 592 4438 2064 4525; baseline 0.001 -21"><span class='ocrx_word' id='word_1_251' title='bbox 592 4439 685 4504; x_wconf 87' lang='lat' dir='ltr'><strong>Prior</strong></span> <span class='ocrx_word' id='word_1_252' title='bbox 698 4439 739 4504; x_wconf 91' lang='lat' dir='ltr'><strong>de</strong></span> <span class='ocrx_word' id='word_1_253' title='bbox 753 4438 952 4504; x_wconf 83' lang='lat' dir='ltr'><strong>Schnldbam</strong></span> <span class='ocrx_word' id='word_1_254' title='bbox 966 4447 1062 4506; x_wconf 92' lang='lat' dir='ltr'><strong>tenet</strong></span> <span class='ocrx_word' id='word_1_255' title='bbox 1075 4442 1111 4505; x_wconf 91' lang='lat' dir='ltr'><strong>in</strong></span> <span class='ocrx_word' id='word_1_256' title='bbox 1128 4443 1335 4511; x_wconf 76' lang='lat' dir='ltr'><strong>Sonunnnnu</strong></span> <span class='ocrx_word' id='word_1_257' title='bbox 1349 4447 1383 4505; x_wconf 89' lang='lat' dir='ltr'><strong>et</strong></span> <span class='ocrx_word' id='word_1_258' title='bbox 1398 4442 1629 4511; x_wconf 78' lang='lat' dir='ltr'><strong>Wunnuuorou</strong></span> <span class='ocrx_word' id='word_1_259' title='bbox 1645 4440 1857 4505; x_wconf 83' lang='lat' dir='ltr'><strong>medietatem</strong></span> <span class='ocrx_word' id='word_1_260' title='bbox 1871 4438 1896 4525; x_wconf 86' lang='lat' dir='ltr'><strong>j.</strong></span> <span class='ocrx_word' id='word_1_261' title='bbox 1913 4439 1937 4504; x_wconf 88' lang='lat' dir='ltr'><strong>i.</strong></span> <span class='ocrx_word' id='word_1_262' title='bbox 1955 4460 2004 4505; x_wconf 89' lang='lat' dir='ltr'><strong>m.</strong></span> <span class='ocrx_word' id='word_1_263' title='bbox 2028 4452 2064 4505; x_wconf 88' lang='lat' dir='ltr'><strong>et</strong></span> 
     </span>
     <span class='ocr_line' id='line_1_29' title="bbox 549 4526 1682 4615; baseline 0.001 -22"><span class='ocrx_word' id='word_1_264' title='bbox 549 4548 652 4593; x_wconf 91' lang='lat' dir='ltr'><strong>unum</strong></span> <span class='ocrx_word' id='word_1_265' title='bbox 667 4528 871 4614; x_wconf 82' lang='lat' dir='ltr'><strong>quarterium</strong></span> <span class='ocrx_word' id='word_1_266' title='bbox 884 4527 909 4615; x_wconf 84' lang='lat' dir='ltr'><strong>j.</strong></span> <span class='ocrx_word' id='word_1_267' title='bbox 926 4526 949 4593; x_wconf 88' lang='lat' dir='ltr'><strong>f.</strong></span> <span class='ocrx_word' id='word_1_268' title='bbox 964 4550 1011 4595; x_wconf 87' lang='lat' dir='ltr'><strong>m.</strong></span> <span class='ocrx_word' id='word_1_269' title='bbox 1027 4530 1063 4593; x_wconf 91' lang='lat' dir='ltr'><strong>in</strong></span> <span class='ocrx_word' id='word_1_270' title='bbox 1076 4550 1192 4615; x_wconf 86' lang='lat' dir='ltr'><strong>puram</strong></span> <span class='ocrx_word' id='word_1_271' title='bbox 1204 4538 1240 4595; x_wconf 88' lang='lat' dir='ltr'><strong>et</strong></span> <span class='ocrx_word' id='word_1_272' title='bbox 1255 4538 1446 4614; x_wconf 89' lang='lat' dir='ltr'><strong>perpetuum</strong></span> <span class='ocrx_word' id='word_1_273' title='bbox 1461 4530 1682 4595; x_wconf 84' lang='lat' dir='ltr'><strong>elemosinam.</strong></span> 
     </span>
    </p>
   </div>
   <div class='ocr_carea' id='block_1_13' title="bbox 550 4662 2067 4839">
    <p class='ocr_par' dir='ltr' id='par_1_13' title="bbox 550 4662 2067 4839">
     <span class='ocr_line' id='line_1_30' title="bbox 594 4662 2067 4742; baseline 0.003 -12"><span class='ocrx_word' id='word_1_274' title='bbox 594 4665 763 4731; x_wconf 84' lang='lat' dir='ltr'><strong>Hubertus</strong></span> <span class='ocrx_word' id='word_1_275' title='bbox 785 4662 905 4729; x_wconf 78' lang='lat' dir='ltr'><strong>Halon</strong></span> <span class='ocrx_word' id='word_1_276' title='bbox 931 4685 1006 4729; x_wconf 91' lang='lat' dir='ltr'><strong>cum</strong></span> <span class='ocrx_word' id='word_1_277' title='bbox 1031 4665 1106 4729; x_wconf 83' lang='lat' dir='ltr'><strong>aliis</strong></span> <span class='ocrx_word' id='word_1_278' title='bbox 1131 4667 1322 4731; x_wconf 87' lang='lat' dir='ltr'><strong>tenentibus</strong></span> <span class='ocrx_word' id='word_1_279' title='bbox 1336 4672 1429 4733; x_wconf 87' lang='lat' dir='ltr'><strong>tenet</strong></span> <span class='ocrx_word' id='word_1_280' title='bbox 1443 4668 1479 4731; x_wconf 92' lang='lat' dir='ltr'><strong>in</strong></span> <span class='ocrx_word' id='word_1_281' title='bbox 1497 4668 1703 4736; x_wconf 75' lang='lat' dir='ltr'><strong>Senonum</strong></span> <span class='ocrx_word' id='word_1_282' title='bbox 1720 4663 1844 4742; x_wconf 61' lang='lat' dir='ltr'><strong>unone,</strong></span> <span class='ocrx_word' id='word_1_283' title='bbox 1863 4664 2067 4734; x_wconf 80' lang='lat' dir='ltr'><strong>Sumnnsun</strong></span> 
     </span>
     <span class='ocr_line' id='line_1_31' title="bbox 550 4752 1296 4839; baseline 0.004 -21"><span class='ocrx_word' id='word_1_284' title='bbox 550 4761 585 4819; x_wconf 87' lang='lat' dir='ltr'><strong>et</strong></span> <span class='ocrx_word' id='word_1_285' title='bbox 599 4752 731 4821; x_wconf 83' lang='lat' dir='ltr'><strong>Fosuou</strong></span> <span class='ocrx_word' id='word_1_286' title='bbox 739 4752 769 4837; x_wconf 89' lang='lat' dir='ltr'><strong>j.</strong></span> <span class='ocrx_word' id='word_1_287' title='bbox 784 4752 809 4817; x_wconf 83' lang='lat' dir='ltr'><strong>f.</strong></span> <span class='ocrx_word' id='word_1_288' title='bbox 825 4757 861 4815; x_wconf 89' lang='lat' dir='ltr'><strong>et</strong></span> <span class='ocrx_word' id='word_1_289' title='bbox 875 4771 980 4816; x_wconf 91' lang='lat' dir='ltr'><strong>unum</strong></span> <span class='ocrx_word' id='word_1_290' title='bbox 994 4755 1196 4839; x_wconf 79' lang='lat' dir='ltr'><strong>quarterium</strong></span> <span class='ocrx_word' id='word_1_291' title='bbox 1211 4756 1234 4818; x_wconf 88' lang='lat' dir='ltr'><strong>i.</strong></span> <span class='ocrx_word' id='word_1_292' title='bbox 1249 4776 1296 4822; x_wconf 92' lang='lat' dir='ltr'><strong>m.</strong></span> 
     </span>
    </p>
   </div>
   <div class='ocr_carea' id='block_1_14' title="bbox 594 4886 1853 5117">
    <p class='ocr_par' dir='ltr' id='par_1_14' title="bbox 594 4886 1853 5117">
     <span class='ocr_line' id='line_1_32' title="bbox 594 4886 1853 4981; baseline -0.002 -24"><span class='ocrx_word' id='word_1_293' title='bbox 594 4891 756 4957; x_wconf 86' lang='lat' dir='ltr'><strong>Robertue</strong></span> <span class='ocrx_word' id='word_1_294' title='bbox 768 4888 811 4953; x_wconf 91' lang='lat' dir='ltr'><strong>de</strong></span> <span class='ocrx_word' id='word_1_295' title='bbox 825 4886 1039 4976; x_wconf 83' lang='lat' dir='ltr'><strong>Wetlyngton</strong></span> <span class='ocrx_word' id='word_1_296' title='bbox 1054 4896 1147 4957; x_wconf 87' lang='lat' dir='ltr'><strong>tenet</strong></span> <span class='ocrx_word' id='word_1_297' title='bbox 1160 4893 1225 4957; x_wconf 88' lang='lat' dir='ltr'><strong>tria</strong></span> <span class='ocrx_word' id='word_1_298' title='bbox 1239 4894 1404 4980; x_wconf 83' lang='lat' dir='ltr'><strong>quarteria</strong></span> <span class='ocrx_word' id='word_1_299' title='bbox 1416 4894 1442 4981; x_wconf 79' lang='lat' dir='ltr'><strong>j.</strong></span> <span class='ocrx_word' id='word_1_300' title='bbox 1459 4892 1483 4957; x_wconf 83' lang='lat' dir='ltr'><strong>f.</strong></span> <span class='ocrx_word' id='word_1_301' title='bbox 1498 4915 1545 4960; x_wconf 88' lang='lat' dir='ltr'><strong>m.</strong></span> <span class='ocrx_word' id='word_1_302' title='bbox 1560 4894 1596 4957; x_wconf 90' lang='lat' dir='ltr'><strong>in</strong></span> <span class='ocrx_word' id='word_1_303' title='bbox 1611 4891 1853 4961; x_wconf 75' lang='lat' dir='ltr'><strong>Wrmmcros.</strong></span> 
     </span>
     <span class='ocr_line' id='line_1_33' title="bbox 595 5028 1751 5117; baseline -0.002 -22"><span class='ocrx_word' id='word_1_304' title='bbox 595 5028 736 5095; x_wconf 78' lang='lat' dir='ltr'><strong>Thomas</strong></span> <span class='ocrx_word' id='word_1_305' title='bbox 748 5028 790 5093; x_wconf 89' lang='lat' dir='ltr'><strong>ds</strong></span> <span class='ocrx_word' id='word_1_306' title='bbox 801 5029 1016 5115; x_wconf 78' lang='lat' dir='ltr'><strong>Watlyngton</strong></span> <span class='ocrx_word' id='word_1_307' title='bbox 1030 5033 1123 5094; x_wconf 88' lang='lat' dir='ltr'><strong>tenet</strong></span> <span class='ocrx_word' id='word_1_308' title='bbox 1137 5031 1173 5094; x_wconf 90' lang='lat' dir='ltr'><strong>in</strong></span> <span class='ocrx_word' id='word_1_309' title='bbox 1186 5030 1298 5095; x_wconf 87' lang='lat' dir='ltr'><strong>eadem</strong></span> <span class='ocrx_word' id='word_1_310' title='bbox 1314 5034 1463 5117; x_wconf 84' lang='lat' dir='ltr'><strong>quartam</strong></span> <span class='ocrx_word' id='word_1_311' title='bbox 1478 5035 1607 5115; x_wconf 84' lang='lat' dir='ltr'><strong>partem</strong></span> <span class='ocrx_word' id='word_1_312' title='bbox 1621 5029 1647 5117; x_wconf 84' lang='lat' dir='ltr'><strong>j.</strong></span> <span class='ocrx_word' id='word_1_313' title='bbox 1664 5028 1687 5094; x_wconf 78' lang='lat' dir='ltr'><strong>f.</strong></span> <span class='ocrx_word' id='word_1_314' title='bbox 1706 5050 1751 5095; x_wconf 91' lang='lat' dir='ltr'><strong>m.</strong></span> 
     </span>
    </p>
   </div>
   <div class='ocr_carea' id='block_1_15' title="bbox 552 5164 2069 5323">
    <p class='ocr_par' dir='ltr' id='par_1_15' title="bbox 552 5164 2069 5323">
     <span class='ocr_line' id='line_1_34' title="bbox 552 5164 2069 5323; baseline 0.001 -89"><span class='ocrx_word' id='word_1_315' title='bbox 552 5168 686 5323; x_wconf 66' lang='lat' dir='ltr'><strong>RPri‹lrlr</strong></span> <span class='ocrx_word' id='word_1_316' title='bbox 706 5168 749 5233; x_wconf 88' lang='lat' dir='ltr'><strong>de</strong></span> <span class='ocrx_word' id='word_1_317' title='bbox 772 5166 834 5254; x_wconf 77' lang='lat' dir='ltr'><strong>my</strong></span> <span class='ocrx_word' id='word_1_318' title='bbox 859 5172 954 5233; x_wconf 89' lang='lat' dir='ltr'><strong>tenet</strong></span> <span class='ocrx_word' id='word_1_319' title='bbox 979 5168 1015 5232; x_wconf 92' lang='lat' dir='ltr'><strong>in</strong></span> <span class='ocrx_word' id='word_1_320' title='bbox 1039 5168 1169 5238; x_wconf 81' lang='lat' dir='ltr'><strong>Foenou</strong></span> <span class='ocrx_word' id='word_1_321' title='bbox 1195 5174 1347 5255; x_wconf 75' lang='lat' dir='ltr'><strong>questum</strong></span> <span class='ocrx_word' id='word_1_322' title='bbox 1372 5174 1501 5254; x_wconf 84' lang='lat' dir='ltr'><strong>purtem</strong></span> <span class='ocrx_word' id='word_1_323' title='bbox 1525 5168 1550 5255; x_wconf 84' lang='lat' dir='ltr'><strong>j.</strong></span> <span class='ocrx_word' id='word_1_324' title='bbox 1574 5168 1598 5235; x_wconf 84' lang='lat' dir='ltr'><strong>f.</strong></span> <span class='ocrx_word' id='word_1_325' title='bbox 1622 5190 1667 5234; x_wconf 92' lang='lat' dir='ltr'><strong>m.</strong></span> <span class='ocrx_word' id='word_1_326' title='bbox 1694 5165 1858 5254; x_wconf 80' lang='lat' dir='ltr'><strong>quondam</strong></span> <span class='ocrx_word' id='word_1_327' title='bbox 1885 5164 2069 5235; x_wconf 85' lang='lat' dir='ltr'><strong>Benedicti</strong></span> 
     </span>
     <span class='ocr_line' id='line_1_35' title="bbox 582 5278 692 5323; baseline -0.027 0"><span class='ocrx_word' id='word_1_328' title='bbox 582 5278 656 5323; x_wconf 84' lang='lat' dir='ltr'><strong>usse</strong></span> <span class='ocrx_word' id='word_1_329' title='bbox 683 5302 692 5320; x_wconf 91' lang='lat'><strong>.</strong></span> 
     </span>
    </p>
   </div>
   <div class='ocr_carea' id='block_1_16' title="bbox 554 5390 2072 5547">
    <p class='ocr_par' dir='ltr' id='par_1_16' title="bbox 554 5390 2072 5547">
     <span class='ocr_line' id='line_1_36' title="bbox 554 5390 2072 5547; baseline 0 -88"><span class='ocrx_word' id='word_1_330' title='bbox 554 5392 760 5547; x_wconf 54' lang='lat' dir='ltr'><strong>Es{ohannes</strong></span> <span class='ocrx_word' id='word_1_331' title='bbox 774 5390 906 5477; x_wconf 79' lang='lat' dir='ltr'><strong>Oolvyle</strong></span> <span class='ocrx_word' id='word_1_332' title='bbox 921 5396 1016 5457; x_wconf 86' lang='lat' dir='ltr'><strong>tenet</strong></span> <span class='ocrx_word' id='word_1_333' title='bbox 1031 5393 1066 5456; x_wconf 93' lang='lat' dir='ltr'><strong>in</strong></span> <span class='ocrx_word' id='word_1_334' title='bbox 1090 5391 1295 5463; x_wconf 74' lang='lat' dir='ltr'><strong>Tuomnoun</strong></span> <span class='ocrx_word' id='word_1_335' title='bbox 1318 5394 1532 5458; x_wconf 86' lang='lat' dir='ltr'><strong>medietatem</strong></span> <span class='ocrx_word' id='word_1_336' title='bbox 1555 5392 1580 5479; x_wconf 82' lang='lat' dir='ltr'><strong>j.</strong></span> <span class='ocrx_word' id='word_1_337' title='bbox 1595 5392 1620 5459; x_wconf 83' lang='lat' dir='ltr'><strong>f.</strong></span> <span class='ocrx_word' id='word_1_338' title='bbox 1637 5413 1682 5458; x_wconf 90' lang='lat' dir='ltr'><strong>m.</strong></span> <span class='ocrx_word' id='word_1_339' title='bbox 1709 5390 1873 5476; x_wconf 84' lang='lat' dir='ltr'><strong>quondam</strong></span> <span class='ocrx_word' id='word_1_340' title='bbox 1901 5390 1999 5457; x_wconf 82' lang='lat' dir='ltr'><strong>Serre</strong></span> <span class='ocrx_word' id='word_1_341' title='bbox 2027 5395 2072 5460; x_wconf 83' lang='lat' dir='ltr'><strong>de</strong></span> 
     </span>
     <span class='ocr_line' id='line_1_37' title="bbox 612 5502 666 5546; baseline 0 0"><span class='ocrx_word' id='word_1_342' title='bbox 612 5502 666 5546; x_wconf 88' lang='lat' dir='ltr'><strong>on.</strong></span> 
     </span>
    </p>
   </div>
   <div class='ocr_carea' id='block_1_17' title="bbox 556 5614 2068 5794">
    <p class='ocr_par' dir='ltr' id='par_1_17' title="bbox 556 5614 2068 5794">
     <span class='ocr_line' id='line_1_38' title="bbox 598 5614 2068 5701; baseline -0.002 -18"><span class='ocrx_word' id='word_1_343' title='bbox 598 5618 737 5683; x_wconf 83' lang='lat' dir='ltr'><strong>Thomas</strong></span> <span class='ocrx_word' id='word_1_344' title='bbox 751 5616 865 5682; x_wconf 84' lang='lat' dir='ltr'><strong>Lovell</strong></span> <span class='ocrx_word' id='word_1_345' title='bbox 880 5622 972 5681; x_wconf 88' lang='lat' dir='ltr'><strong>tenet</strong></span> <span class='ocrx_word' id='word_1_346' title='bbox 985 5618 1021 5680; x_wconf 92' lang='lat' dir='ltr'><strong>in</strong></span> <span class='ocrx_word' id='word_1_347' title='bbox 1036 5618 1182 5699; x_wconf 74' lang='lat' dir='ltr'><strong>Benene,</strong></span> <span class='ocrx_word' id='word_1_348' title='bbox 1198 5620 1370 5701; x_wconf 74' lang='lat' dir='ltr'><strong>Bomos,</strong></span> <span class='ocrx_word' id='word_1_349' title='bbox 1387 5621 1641 5688; x_wconf 80' lang='lat' dir='ltr'><strong>Bucuuuwnnnn</strong></span> <span class='ocrx_word' id='word_1_350' title='bbox 1657 5622 1690 5680; x_wconf 89' lang='lat' dir='ltr'><strong>et</strong></span> <span class='ocrx_word' id='word_1_351' title='bbox 1707 5614 1910 5683; x_wconf 74' lang='lat' dir='ltr'><strong>Merusmns</strong></span> <span class='ocrx_word' id='word_1_352' title='bbox 1928 5616 1958 5700; x_wconf 88' lang='lat' dir='ltr'><strong>j.</strong></span> <span class='ocrx_word' id='word_1_353' title='bbox 1974 5616 2000 5683; x_wconf 79' lang='lat' dir='ltr'><strong>f.</strong></span> <span class='ocrx_word' id='word_1_354' title='bbox 2018 5641 2068 5687; x_wconf 88' lang='lat' dir='ltr'><strong>m.</strong></span> 
     </span>
     <span class='ocr_line' id='line_1_39' title="bbox 556 5704 1126 5794; baseline -0.009 -23"><span class='ocrx_word' id='word_1_355' title='bbox 556 5706 720 5794; x_wconf 88' lang='lat' dir='ltr'><strong>quendem</strong></span> <span class='ocrx_word' id='word_1_356' title='bbox 734 5704 894 5770; x_wconf 85' lang='lat' dir='ltr'><strong>Johennis</strong></span> <span class='ocrx_word' id='word_1_357' title='bbox 909 5704 1020 5769; x_wconf 74' lang='lat' dir='ltr'><strong>level.</strong></span> <span class='ocrx_word' id='word_1_358' title='bbox 1122 5745 1126 5754; x_wconf 65' lang='lat'>=</span> 
     </span>
    </p>
   </div>
   <div class='ocr_carea' id='block_1_18' title="bbox 558 5840 2071 5995">
    <p class='ocr_par' dir='ltr' id='par_1_18' title="bbox 558 5840 2071 5995">
     <span class='ocr_line' id='line_1_40' title="bbox 602 5840 2071 5927; baseline 0.004 -24"><span class='ocrx_word' id='word_1_359' title='bbox 602 5840 689 5904; x_wconf 82' lang='lat' dir='ltr'><strong>Uxor</strong></span> <span class='ocrx_word' id='word_1_360' title='bbox 718 5840 851 5905; x_wconf 85' lang='lat' dir='ltr'><strong>Henrici</strong></span> <span class='ocrx_word' id='word_1_361' title='bbox 880 5840 984 5924; x_wconf 84' lang='lat' dir='ltr'><strong>Percy</strong></span> <span class='ocrx_word' id='word_1_362' title='bbox 1014 5848 1106 5906; x_wconf 90' lang='lat' dir='ltr'><strong>tenet</strong></span> <span class='ocrx_word' id='word_1_363' title='bbox 1134 5842 1177 5906; x_wconf 83' lang='lat' dir='ltr'><strong>ed</strong></span> <span class='ocrx_word' id='word_1_364' title='bbox 1206 5845 1384 5908; x_wconf 88' lang='lat' dir='ltr'><strong>terminum</strong></span> <span class='ocrx_word' id='word_1_365' title='bbox 1415 5846 1480 5906; x_wconf 89' lang='lat' dir='ltr'><strong>vite</strong></span> <span class='ocrx_word' id='word_1_366' title='bbox 1504 5843 1531 5927; x_wconf 83' lang='lat' dir='ltr'><strong>j.</strong></span> <span class='ocrx_word' id='word_1_367' title='bbox 1549 5844 1571 5906; x_wconf 88' lang='lat' dir='ltr'><strong>f.</strong></span> <span class='ocrx_word' id='word_1_368' title='bbox 1590 5864 1635 5907; x_wconf 90' lang='lat' dir='ltr'><strong>m.</strong></span> <span class='ocrx_word' id='word_1_369' title='bbox 1663 5841 1698 5903; x_wconf 89' lang='lat' dir='ltr'><strong>in</strong></span> <span class='ocrx_word' id='word_1_370' title='bbox 1728 5840 1865 5905; x_wconf 79' lang='lat' dir='ltr'><strong>Bsnnou</strong></span> <span class='ocrx_word' id='word_1_371' title='bbox 1896 5842 2071 5927; x_wconf 78' lang='lat' dir='ltr'><strong>quondam</strong></span> 
     </span>
     <span class='ocr_line' id='line_1_41' title="bbox 558 5926 881 5995; baseline -0.003 -1"><span class='ocrx_word' id='word_1_372' title='bbox 558 5926 693 5995; x_wconf 81' lang='lat' dir='ltr'><strong>Roberti</strong></span> <span class='ocrx_word' id='word_1_373' title='bbox 708 5929 748 5992; x_wconf 87' lang='lat' dir='ltr'><strong>de</strong></span> <span class='ocrx_word' id='word_1_374' title='bbox 763 5928 881 5993; x_wconf 77' lang='lat' dir='ltr'><strong>scales.</strong></span> 
     </span>
    </p>
   </div>
   <div class='ocr_carea' id='block_1_19' title="bbox 0 0 2537 7044">
    <p class='ocr_par' dir='ltr' id='par_1_19' title="bbox 0 0 2537 7044">
     <span class='ocr_line' id='line_1_42' title="bbox 0 0 2537 7044; baseline 0 0"><span class='ocrx_word' id='word_1_375' title='bbox 0 0 2537 7044; x_wconf 95' lang='lat' dir='ltr'><strong> </strong></span> 
     </span>
    </p>
   </div>
  </div>
 </body>
</html>
