5000 7050
549 1021 612 1085 582
1190 1017 1411 1095 NORFOLK.

549 1389 570 1450 d
591 1302 738 1452 {egledes
751 1306 902 1390 Hugonis
916 1308 957 1372 de
971 1308 1157 1374 Bokinham
1171 1316 1289 1376 tenent
1299 1311 1325 1396 j.
1341 1311 1365 1378 f.
1381 1333 1426 1378 m.
1442 1313 1477 1375 in
1495 1313 1662 1378 Nswurou
1677 1311 1719 1374 de
1734 1311 1908 1376 heredibus
1923 1309 2060 1373 Riosrdi

572 1410 589 1451 e
670 1412 768 1456 mere.

590 1527 751 1594 Johaunes
777 1531 919 1614 Olyftou,
945 1533 1097 1614 ohivaier‚
1121 1540 1156 1599 et
1180 1535 1312 1600 heredes
1337 1537 1468 1601 Boteler
1492 1542 1605 1602 teuent
1626 1535 1652 1620 j.
1676 1536 1698 1599 f.
1726 1557 1772 1602 m.
1798 1537 1833 1598 iu
1861 1535 2057 1612 Baaruoua,

547 1614 762 1682 Wusauarou
777 1625 813 1681 et
830 1618 1078 1688 Ssuoaruoasu
1094 1624 1134 1686 de
1150 1623 1282 1686 domino
1298 1625 1339 1687 de
1354 1626 1518 1709 Tatysale.

591 1750 781 1836 Radulphus
806 1755 988 1840 Huwardyn
1013 1764 1104 1824 tenet
1130 1767 1280 1846 quartam
1306 1767 1433 1844 purtem
1443 1761 1472 1846 j.
1490 1763 1512 1827 f.
1529 1785 1575 1828 m.
1592 1763 1626 1824 in
1644 1761 1770 1830 Crsrur.
1785 1759 1933 1832 R1sruo3
1948 1755 2055 1822 uiuhil

548 1840 624 1922 quia
638 1840 673 1902 in
688 1861 788 1905 manu
803 1843 926 1906 domini
942 1845 1037 1931 regis.

591 1976 753 2043 Johaunes
769 1979 850 2064 Baiy
865 1986 899 2043 et
914 1980 1072 2046 Katerina
1087 2005 1166 2049 uxor
1182 1984 1253 2069 ejus
1268 1991 1381 2050 teuent
1390 1985 1418 2070 j.
1431 1987 1454 2052 f.
1468 2008 1513 2052 m.
1527 1988 1561 2049 iu
1579 1987 1691 2054 Soura
1706 1985 1854 2053 Wurrou
1870 1982 2054 2046 inmediate

547 2063 588 2126 de
604 2064 735 2127 domiuo
751 2066 863 2130 Monte
881 2068 967 2134 Alto.

547 2199 735 2348 T{ierledes
749 2199 880 2265 Rioardi
895 2201 1023 2287 Chappe
1041 2210 1152 2270 tenent
1166 2206 1211 2271 di.
1228 2207 1251 2270 f.
1269 2229 1313 2272 m.
1331 2209 1365 2270 in
1391 2209 1553 2274 Csuoumr
1578 2206 1757 2270 inmediate
1784 2207 1824 2269 de
1850 2204 1983 2267 domiuo
2009 2201 2052 2264 de

574 2307 593 2347 a
609 2307 657 2349 rsa
671 2309 699 2350 e.

589 2425 729 2490 Thomas
743 2427 860 2491 Persou
877 2435 969 2492 tenet
984 2430 1064 2494 duas
1079 2437 1185 2514 partes
1199 2433 1223 2517 j.
1239 2432 1262 2496 f.
1279 2455 1325 2498 m.
1343 2435 1376 2496 in
1394 2434 1557 2500 Couoasu
1572 2434 1613 2495 de
1628 2433 1759 2495 domiuo
1774 2431 1814 2494 de
1830 2430 2030 2514 Hastynges.

590 2563 753 2630 Johaunes
783 2567 963 2632 Wodehous
992 2576 1083 2633 tenet
1112 2577 1262 2653 quartam
1293 2577 1418 2654 partem
1445 2571 1473 2655 j.
1499 2570 1520 2634 f.
1548 2593 1593 2636 m.
1625 2573 1657 2634 iu
1689 2571 1827 2636 Rsruou
1858 2569 1899 2632 de
1930 2569 2053 2632 oomite

547 2653 746 2733 Aruudellie,
763 2656 849 2740 quod
866 2656 1047 2720 Willelmus
1062 2656 1226 2742 Blakeuey
1240 2659 1403 2742 quondam
1420 2659 1540 2722 tenuit.

548 2800 863 2953 Aqulmlhdohannes
877 2811 911 2867 et
926 2804 1017 2870 heres
1033 2807 1190 2872 Johauuis
1207 2806 1335 2870 Breoles
1350 2813 1462 2870 tenent
1474 2806 1502 2890 j.
1520 2808 1541 2870 f.
1558 2829 1603 2872 m.
1621 2808 1655 2869 in
1672 2807 1852 2874 Gnfflsrou
1868 2804 1909 2867 de
1929 2804 2053 2867 oomite

498 2913 502 2920 ·
575 2910 635 2952 run
660 2912 677 2952 e
716 2911 744 2955 e.

590 3027 680 3089 Idem
697 3027 860 3092 Johannes
875 3027 1038 3095 Wodhous
1053 3037 1145 3093 tenet
1159 3032 1204 3095 di.
1222 3032 1245 3095 f.
1264 3053 1308 3096 m.
1326 3033 1360 3095 in
1378 3032 1559 3099 Garusrou
1575 3036 1608 3092 et
1625 3030 1787 3096 Couoasu
1813 3029 1855 3092 de
1877 3025 2055 3091 heredibus

546 3115 669 3177 domini
685 3113 842 3180 Johannis
856 3117 897 3179 de
912 3116 1015 3194 Vaux,
1028 3120 1113 3202 quod
1129 3118 1288 3181 Robertus
1304 3118 1430 3182 Cordall
1446 3118 1608 3202 quondam
1623 3119 1742 3181 tenuit.

546 3243 766 3401 WNioholaus
792 3246 932 3310 Norman
956 3245 1065 3334 [tenet
1087 3256 1236 3334 quartam
1260 3257 1387 3334 partem
1399 3249 1426 3334 j.
1443 3249 1466 3313 1.
1482 3247 1543 3336 m.]
1566 3249 1600 3311 iu
1617 3247 1797 3315 Gauusrou
1813 3246 1854 3310 de
1872 3244 1994 3308 honore
2008 3244 2054 3308 de

587 3353 753 3416 yrmegey.

590 3469 748 3534 Ricardus
769 3467 971 3557 [Garponelh
988 3470 1139 3552 chivaler‚
1154 3479 1247 3538 tenet
1258 3473 1285 3559 j.
1304 3475 1327 3540 f.
1345 3495 1390 3541 m.
1406 3475 1441 3536 in
1457 3473 1590 3540 Bausar
1605 3473 1644 3537 de
1659 3472 1777 3535 honore
1792 3471 1831 3535 de
1848 3468 1927 3555 Eya.

589 3610 736 3672 Heredes
749 3609 875 3672 domiui
891 3610 1029 3673 Roherti
1044 3609 1148 3674 Morle
1163 3618 1279 3674 tenent
1293 3612 1317 3696 j.
1335 3611 1358 3676 f.
1376 3632 1420 3676 m.
1437 3612 1471 3673 in
1487 3610 1685 3677 Guosruoaa
1700 3608 1739 3672 de
1754 3607 1873 3671 honore
1889 3606 1929 3669 de
1945 3606 2026 3689 Eya.

591 3742 752 3810 Johaunes
778 3747 930 3825 Howard‚
945 3746 1098 3829 ohivaler,
1123 3754 1214 3812 tenet
1241 3750 1377 3812 terciam
1404 3753 1531 3831 partem
1549 3747 1577 3831 j.
1593 3748 1616 3811 f.
1633 3768 1677 3812 m.
1693 3746 1728 3808 in
1755 3746 1824 3811 ΕΒ(
1839 3744 1983 3811 wimar
2009 3746 2054 3810 de

545 3832 661 3895 abbate
676 3833 716 3895 de
732 3833 885 3919 Langley.

591 3966 754 4033 Johannes
773 3971 934 4035 Wodhous
950 3977 985 4033 et
1000 3978 1148 4034 tenentes
1163 3973 1212 4034 sui
1227 3976 1340 4034 teuent
1356 3978 1505 4054 quartam
1523 3976 1647 4054 partem
1659 3968 1686 4053 j.
1703 3968 1725 4032 1.
1740 3988 1786 4033 m.
1802 3969 1836 4029 in
1852 3968 2051 4049 Garusrou,

546 4055 708 4139 quondam
725 4056 838 4133 Morle‚
854 4057 894 4121 de
909 4058 1078 4121 heredibus
1095 4058 1333 4144 Huntyngfeld.

590 4202 773 4269 Willelmus
788 4204 920 4271 walton
944 4212 1034 4269 tenet
1060 4214 1209 4289 quartam
1236 4212 1364 4290 partem
1384 4205 1411 4290 j.
1427 4206 1452 4271 f.
1469 4224 1513 4270 m.
1530 4206 1564 4267 iu
1580 4206 1649 4270 ΕΒ(
1664 4196 1809 4271 Ws'hrou
1824 4203 1864 4267 de
1879 4201 2053 4270 heredibus

547 4290 682 4355 Henrioi
697 4292 787 4370 cate,
806 4292 891 4355 unde
906 4296 992 4376 prior
1007 4294 1048 4357 de
1064 4295 1226 4358 Westsore
1241 4302 1334 4356 tenet
1350 4295 1484 4356 terciam
1499 4300 1627 4375 partem
1643 4291 1731 4353 illius
1746 4298 1858 4374 quarte
1874 4292 1984 4374 partis.

590 4438 755 4507 Johsnnes
770 4440 934 4509 Wodhous
959 4450 1051 4508 tenet
1076 4444 1121 4511 di.
1138 4446 1161 4512 1.
1178 4467 1223 4511 m.
1247 4446 1283 4508 in
1313 4445 1434 4511 Maura
1449 4444 1690 4519 Miserarum,
1704 4441 1866 4526 quondam
1882 4440 1909 4503 F
1910 4440 2049 4509 eltham.

547 4530 587 4591 de
603 4528 734 4591 domino
749 4531 789 4592 de
803 4530 954 4594 Tatisale.

589 4665 682 4729 Idem
708 4663 871 4732 ,Iohannes
893 4667 1067 4749 Wodhous,
1092 4670 1197 4733 Adam
1221 4668 1379 4752 Snoryng,
1402 4670 1488 4753 prior
1512 4668 1551 4731 de
1577 4666 1739 4729 Flitoham
1769 4671 1883 4730 teuent
1906 4666 1933 4750 j.
1947 4666 1971 4730 1.
1987 4688 2050 4747 m.‚

545 4752 709 4904 ffiugdffl.
740 4761 775 4817 et
803 4761 953 4838 quartam
982 4763 1110 4840 partem
1130 4757 1157 4840 j.
1185 4758 1207 4819 f.
1233 4778 1280 4823 m.
1306 4760 1342 4820 iu
1367 4756 1541 4822 Farroasu
1565 4762 1600 4817 et
1624 4756 1770 4821 Amaras
1797 4756 1838 4817 de
1864 4755 1981 4818 honore
2005 4756 2049 4820 de

589 4977 683 5040 Prior
696 4977 736 5041 de
753 4976 916 5043 Flitcham
932 4984 1025 5045 tenet
1039 4983 1082 5046 di.
1099 4982 1122 5045 1.
1138 5004 1183 5047 m.
1199 4982 1332 5045 ibidem.

589 5116 747 5181 Ricardus
763 5116 864 5182 Graue
879 5120 971 5181 tenet
981 5118 1009 5202 j.
1026 5120 1050 5185 f.
1068 5142 1113 5185 m.
1130 5120 1165 5181 iu
1181 5120 1325 5184 Musas
1340 5122 1374 5179 et
1389 5116 1604 5183 Wuuruurou
1620 5112 1659 5176 de
1675 5112 1845 5177 heredibus
1860 5113 1980 5199 Pygot.

591 5264 757 5329 Gslfridus
782 5263 887 5330 Cobbe
910 5276 943 5331 et
967 5268 1149 5336 Willelmus
1173 5266 1354 5332 Gashswke
1378 5270 1494 5329 tenent
1519 5268 1669 5347 quartam
1695 5265 1820 5344 partem
1838 5260 1867 5343 j.
1891 5260 1914 5322 1.
1937 5281 1983 5326 m.
2012 5264 2049 5326 iu

548 5353 797 5419 amnemamu
812 5353 851 5417 de
867 5355 986 5420 honore
1001 5357 1041 5419 de
1055 5356 1221 5421 Arundell.

588 5489 732 5553 Heredes
756 5486 914 5555 Willelmi
940 5486 1096 5573 Caithorp
1120 5497 1155 5554 et
1178 5444 1338 5556 Johamis
1362 5484 1493 5569 Gurnsy
1510 5487 1624 5548 teuent
1644 5480 1671 5566 j.
1688 5480 1711 5547 1.
1729 5501 1774 5547 m.
1790 5480 1825 5543 in
1848 5480 1989 5548 Hamus
2005 5483 2048 5548 de

546 5578 663 5640 honore
678 5575 877 5643 Warrennie.

587 5713 771 5780 Willelmus
786 5710 990 5794 Copuldyohe
1005 5718 1121 5776 teuent
1132 5712 1159 5797 j.
1175 5712 1199 5779 1.
1216 5734 1262 5779 m.
1279 5712 1315 5773 in
1331 5712 1477 5777 Aamrou
1492 5707 1532 5771 de
1547 5707 1666 5769 honore
1681 5704 1721 5766 de
1736 5704 1854 5766 comite
1869 5702 2000 5789 Rogeri.

587 5851 679 5916 Prior
693 5852 734 5913 de
749 5847 921 5933 Flytoham
937 5854 1027 5913 tenet
1041 5858 1190 5934 quartam
1205 5856 1329 5934 partem
1341 5848 1368 5932 j.
1386 5848 1408 5913 f.
1424 5869 1469 5913 m.
1484 5846 1519 5909 iu
1534 5847 1717 5911 Asamus.
