5000 7050
543 1058 605 1126 1⁷6
1188 1062 1396 1131 LINGOLN.

583 1342 699 1410 Comes
713 1346 885 1413 Liucoluie
900 1355 992 1414 tanet
1006 1351 1030 1437 j.
1045 1350 1069 1416 f.
1084 1351 1119 1413 in
1135 1352 1299 1418 Baoumm
1313 1352 1400 1417 iuter
1415 1351 1438 1419 i.
1454 1352 1494 1417 da
1509 1352 1755 1439 Luuggcspcya.

583 1484 778 1550 Lambertua
792 1488 833 1551 de
848 1488 979 1552 Multcn
994 1492 1087 1553 tenet
1101 1490 1125 1575 j.
1141 1490 1165 1555 f.
1181 1492 1217 1553 iu
1233 1491 1395 1557 Lcauuou
1411 1493 1497 1555 inter
1513 1492 1535 1557 f.
1551 1493 1749 1559 Laumutric.

582 1622 740 1688 Ricardua
754 1624 796 1689 de
811 1624 1012 1713 Belingburh
1028 1633 1123 1692 tenet
1136 1629 1162 1715 j.
1178 1628 1202 1695 f.
1217 1650 1261 1695 m.
1277 1631 1312 1693 iu
1328 1630 1552 1697 Bumucauau
1566 1632 1654 1694 iuter
1670 1630 1692 1696 f.
1709 1631 1936 1715 Lungcspcye.

539 1759 742 1911 LRobertus
777 1763 818 1827 da
855 1764 1041 1851 Horbliugh
1071 1770 1165 1830 tenet
1195 1767 1256 1849 iiij.
1288 1772 1396 1850 partes
1421 1768 1450 1851 j.
1482 1766 1505 1833 f.
1535 1768 1570 1831 iu
1600 1768 1805 1836 Hoaaumcu
1834 1770 1922 1833 iuter
1951 1768 1975 1834 f.
2006 1766 2045 1831 dc

568 1870 762 1935 uugeapeye.
1798 1864 1805 1881 ¹

539 1990 808 2140 Bullticbzrtuahde
834 1990 1003 2057 Stauwaht
1028 1998 1123 2059 tenet
1136 1993 1161 2080 j.
1177 1995 1200 2060 f.
1216 2015 1260 2061 m.
1276 1996 1312 2058 iu
1330 1995 1510 2065 Scauwauu
1535 1996 1622 2061 iuter
1641 1995 1665 2063 f.
1681 1998 1846 2062 comitisse
1862 1995 1986 2061 cestrie
2002 1994 2044 2059 da

617 2098 663 2163 ng
683 2100 742 2164 rog
766 2128 775 2145 .

579 2215 698 2280 Petrus
712 2217 753 2281 de
768 2216 954 2283 Saudbadia
968 2222 1062 2283 tcuct
1075 2220 1183 2306 xxiiij.
1199 2225 1327 2304 partem
1341 2221 1366 2308 j.
1384 2221 1407 2287 f.
1422 2223 1457 2285 in
1474 2221 1611 2290 Guium«
1626 2224 1715 2286 iuter
1730 2222 1753 2289 f.
1768 2220 2026 2307 Rychemuudia.

540 2352 696 2503 LComes
725 2355 892 2420 Liucoluie
929 2362 1023 2422 tenet
1060 2378 1117 2424 un.
1148 2357 1173 2423 f.
1203 2369 1237 2422 ct
1267 2359 1338 2446 viij.
1368 2364 1495 2444 partem
1532 2362 1571 2467 iu
1607 2361 1799 2428 swtmnon
1829 2363 1917 2424 inter
1946 2360 1964 2423 i
1999 2358 2040 2425 de

566 2461 762 2527 uugeapeyc.

895 2683 1013 2802 Fauna
1035 2757 1228 2803 cnsauucm
1250 2758 1285 2803 m
1309 2758 1400 2804 mauu
1423 2736 1514 2804 ΑΒΕ
1539 2738 1686 2805 VILLE.
1743 2721 1751 2735 ⁰

580 2895 763 3047 it'iilltilmua
777 2897 818 2961 de
833 2894 1010 2983 Scotaueya
1025 2902 1117 2963 tcuct
1131 2898 1157 2985 j.
1173 2898 1197 2964 f.
1215 2903 1253 2963 ct
1267 2900 1330 2986 iiij.
1347 2905 1475 2983 partem
1489 2900 1514 2986 j.
1529 2899 1553 2965 f.
1569 2900 1604 2963 iu
1622 2899 1880 2968 Guuauawcauu
1905 2899 1993 2963 iuter
2016 2900 2040 2967 f.

537 3004 596 3068 par
624 3004 666 3047 cu
678 3004 757 3049 ana.

580 3121 672 3185 Idem
687 3126 778 3187 tanet
788 3122 815 3207 j.
830 3122 853 3188 f.
869 3124 905 3186 in
922 3123 1072 3190 Sanoua!
1088 3128 1123 3187 ct
1136 3123 1217 3188 alibi
1231 3125 1319 3188 iuter
1332 3123 1356 3189 f.
1372 3124 1583 3208 particularia
1597 3124 1638 3188 de
1653 3122 1773 3188 honora
1788 3124 1830 3187 dc
1844 3124 1958 3190 Dover.

581 3257 674 3322 Idem
698 3263 789 3323 tenet
813 3259 861 3341 iij.
878 3260 903 3325 f.
919 3267 955 3324 et
969 3261 1014 3325 di.
1030 3265 1065 3323 ct
1079 3260 1164 3346 xiiij.
1180 3267 1309 3345 partam
1325 3268 1461 3345 excepta
1475 3261 1522 3325 vi·
1542 3268 1634 3345 parta
1650 3264 1685 3325 iu
1701 3262 1838 3341 Wuuuu,
1854 3263 1991 3329 Ammo
2006 3266 2041 3326 et

538 3347 774 3413 Aa1a1interf.
790 3346 934 3411 Gilberti
949 3347 990 3410 de
1006 3347 1132 3413 Gaunt.

581 3485 677 3550 Idem
691 3490 780 3550 tenet
795 3485 820 3573 j.
836 3485 860 3552 f.
876 3487 911 3551 iu
926 3487 1133 3554 Baouuuoau
1147 3487 1233 3552 iutar
1247 3485 1272 3554 f.
1289 3470 1433 3574 episcopi
1449 3488 1689 3556 Duuclmenaia.

582 3625 675 3690 Idem
690 3630 783 3691 tenet
797 3626 822 3712 j.
839 3627 863 3692 f.
879 3628 913 3691 in
929 3626 1071 3694 Houucu
1086 3648 1189 3695 ccxci
1204 3627 1378 3696 Gmuuaaa
1395 3629 1479 3693 iuter
1494 3629 1517 3695 f.
1536 3629 1587 3696 W.
1603 3629 1645 3693 de
1661 3627 1844 3713 Cantilupo.

1104 3921 1219 3989 Faom
1240 3943 1306 3990 acu
1330 3943 1482 3989 mvuum.

578 4085 768 4170 Radulphua
778 4085 1026 4168 filiuaHugouia
1038 4089 1130 4150 tenet
1141 4107 1193 4153 xx.
1203 4091 1331 4170 partem
1339 4087 1369 4170 j.
1381 4087 1405 4152 f.
1417 4089 1453 4150 in
1467 4087 1689 4166 Souamoap
1698 4087 1785 4150 iuter
1794 4086 1817 4152 f.
1831 4086 2039 4153 Albemarlie.

581 4221 775 4306 Radulphus
788 4220 830 4286 de
844 4222 975 4306 Hauley
990 4227 1084 4286 tenet
1097 4222 1144 4287 di.
1160 4223 1183 4288 f.
1199 4225 1234 4287 iu
1251 4222 1434 4290 emnam
1450 4224 1536 4287 iutaer
1551 4222 1574 4288 f.
1591 4222 1642 4288 W.
1659 4223 1699 4286 de
1715 4223 1828 4308 Percy.

581 4361 743 4425 Rcbertua
757 4361 799 4424 dc
813 4359 922 4443 Thorp
937 4364 1030 4424 tenet
1042 4360 1067 4446 j.
1084 4366 1270 4425 carucatam
1284 4366 1379 4440 terre,
1390 4367 1425 4426 et
1439 4360 1569 4445 quaudo
1585 4363 1770 4446 scutagium
1785 4363 1886 4426 currit
1902 4361 1943 4426 ad
1958 4363 2002 4428 xl.
2013 4383 2039 4429 a.

536 4449 596 4513 dat
608 4447 754 4533 quelibet
767 4449 885 4512 bovata
899 4447 944 4534 vj.
955 4445 990 4513 d.
1006 4456 1041 4511 et
1056 4449 1103 4511 aic
1117 4454 1169 4512 eat
1184 4469 1312 4513 aumma
1326 4451 1413 4512 iuter
1427 4450 1451 4514 f.
1467 4448 1500 4514 J.
1517 4448 1557 4511 de
1574 4447 1730 4532 Bayouae.

579 4585 764 4649 Willelmua
778 4584 819 4648 da
834 4583 925 4648 Paria
939 4589 1033 4649 tanet
1048 4586 1098 4672 iij.
1115 4590 1241 4669 partem
1256 4586 1280 4672 J'.
1296 4585 1320 4652 f.
1337 4588 1423 4650 intur
1438 4587 1464 4652 f.
1481 4585 1668 4652 Glcvcmic.

579 4720 681 4786 Fulco
694 4720 735 4786 de
750 4720 870 4804 Lycum
884 4725 975 4786 tenet
989 4721 1035 4789 xl.
1050 4730 1178 4806 partem
1192 4722 1218 4809 j.
1233 4722 1259 4789 f.
1275 4725 1361 4787 iuter
1374 4724 1399 4789 f.
1415 4723 1634 4808 particularia.

578 4858 724 4944 Rogeruc
737 4857 825 4921 filius
840 4859 966 4924 Warini
980 4864 1073 4925 tenet
1089 4861 1135 4926 di.
1153 4860 1177 4926 f.
1193 4863 1281 4925 iuter
1295 4859 1389 4926 feoda
1405 4860 1538 4926 Uestric.

540 5087 563 5164 (1
578 4997 701 5150 Αἰιέιιιιι
726 4995 767 5164 ‹)ie
793 4996 908 5082 Dauby
933 5003 1024 5062 tenet
1050 5018 1103 5064 xx.
1131 5004 1258 5083 partem
1280 5000 1316 5063 iu
1341 4999 1467 5096 Saucuc
1483 5001 1663 5066 Bouumuo
1678 4999 1766 5063 iuter
1781 5000 1804 5066 f.
1820 4999 1859 5066 P.
1876 5000 1917 5064 de
1933 4996 2039 5064 Ooruu

551 5108 606 5152 ce.
648 5103 756 5150 rouu.

578 5222 744 5288 Johanuea
755 5221 796 5288 de
812 5221 974 5289 Stauntou
994 5226 1122 5304 (raetica
1144 5223 1301 5306 Sauntcu)
1321 5230 1453 5291 tenente
1468 5227 1531 5312 iiij.
1548 5232 1677 5312 partem
1686 5227 1714 5310 j.
1732 5227 1756 5292 f.
1772 5227 1807 5289 iu
1825 5225 2038 5294 Scffluuuaau

536 5318 571 5376 et
592 5312 732 5378 Bcaaou
754 5308 855 5397 [inter
880 5312 904 5378 f.
927 5309 982 5398 de]
1005 5313 1228 5398 Luugeapeye.

579 5447 720 5513 Thomas
743 5448 848 5513 Barou
874 5454 910 5513 at
933 5451 1109 5534 participes
1132 5452 1182 5514 sui
1205 5456 1321 5515 teuent
1344 5451 1388 5518 xl.
1405 5457 1533 5537 partem
1552 5453 1581 5538 j.
1606 5453 1630 5518 f.
1647 5455 1683 5518 in
1706 5452 1885 5519 Luvuaaou
1910 5451 1996 5515 inter
2012 5450 2037 5518 f.

535 5534 795 5621 Rychemuudie.

578 5672 718 5738 Thomas
732 5675 773 5739 de
789 5672 920 5760 Silkeby
935 5679 1028 5739 tenet
1043 5673 1114 5759 viij.
1130 5681 1256 5760 partem
1271 5679 1307 5742 iu
1322 5679 1486 5746 Wmcaua
1499 5680 1587 5744 iuter
1601 5679 1626 5746 f.
1641 5681 1683 5744 de
1699 5679 1925 5764 Lungcapaye.
