5000 7050
1115 1093 1208 1166 hl).
1232 1093 1328 1160 1428.

1091 1383 1190 1455 Μ).
1233 1383 1355 1456 1428.

949 1570 1169 1636 Hounanuuu
1192 1592 1236 1636 ua
1260 1572 1510 1638 TUNSTEDE.

515 1729 693 1813 Inquisicio
707 1735 802 1815 capta
816 1732 903 1816 apud
920 1731 1065 1796 Worsted
1079 1733 1133 1796 die
1148 1733 1284 1798 Veneris
1299 1735 1447 1818 proximo
1460 1739 1538 1798 ante
1554 1736 1674 1798 festum
1700 1733 1812 1797 Sancti
1830 1733 1974 1800 Barnabe

473 1817 622 1899 Apostoli
644 1837 728 1881 anuo
750 1823 844 1905 regui
869 1820 955 1902 regis
977 1820 1112 1884 Heurici
1134 1822 1218 1885 sexti
1240 1831 1315 1906 post
1337 1829 1553 1908 conquestum
1578 1827 1668 1886 sexto
1694 1841 1798 1884 coram
1815 1819 1974 1886 Nicholao

472 1901 602 1984 castell,
635 1903 784 1970 Johanne
814 1907 958 1990 Lyuford
987 1914 1021 1971 et
1052 1907 1146 1971 sociis
1171 1909 1237 1972 suis
1266 1907 1491 1974 collectoribus
1518 1909 1654 1972 subsidii
1680 1909 1804 1972 domini
1830 1909 1915 1992 regis
1938 1911 1973 1973 in

469 1990 588 2054 ultimo
603 1991 816 2076 parliamento
830 2013 888 2058 suo
903 1995 991 2079 apud
1002 1995 1327 2060 westmonasterium
1337 1997 1369 2059 iu
1381 1997 1543 2082 quindena
1553 1995 1664 2060 Sancti
1675 1994 1847 2066 Michaelis
1857 1996 1975 2061 ultima
2028 1995 2030 2004 “

472 2081 629 2161 preterita
651 2087 747 2144 tento
767 2083 910 2145 concessi
937 2102 996 2166 per
1021 2089 1257 2146 sacramentum
1284 2081 1342 2145 isc.
1357 2085 1414 2166 qui
1429 2085 1545 2147 dieunt
1578 2083 1696 2148 Omnes
1711 2103 1844 2167 persone
1859 2083 1894 2146 iu
1909 2085 1974 2148 ista

471 2167 688 2250 inquisicioue
701 2169 870 2232 nominate
884 2175 962 2232 sunt
975 2170 1087 2233 seisite
1101 2176 1135 2233 et
1150 2169 1383 2254 possessiouate
1397 2177 1433 2234 et
1447 2191 1558 2235 eorum
1575 2169 1715 2256 quilibet
1730 2176 1781 2234 est
1796 2171 1926 2234 seisitus
1940 2179 1974 2235 et

471 2254 725 2335 possessionatus
739 2255 780 2320 de
794 2257 892 2320 terris
907 2261 941 2320 et
956 2257 1157 2321 tenementis
1170 2258 1206 2319 in
1221 2257 1387 2321 dominico
1403 2279 1460 2322 suo
1475 2265 1513 2321 ut
1537 2258 1577 2322 de
1604 2259 1626 2320 li
1632 2259 1705 2322 bero
1729 2263 1918 2322 tenemento
1940 2266 1973 2323 et

472 2347 586 2406 tenent
600 2361 659 2406 sen
674 2349 765 2408 tenet
781 2344 878 2407 modo
892 2348 927 2408 et
942 2344 1057 2425 forma,
1073 2345 1129 2428 qui
1145 2345 1302 2430 sequitur,
1319 2345 1471 2410 videlicet
1484 2370 1536 2410 :—

514 2527 630 2592 Sibilla
645 2529 741 2614 Repe,
755 2529 922 2595 Johaunes
937 2531 1047 2610 Asislr,
1063 2532 1225 2595 Henricus
1240 2531 1448 2618 Lesyngham
1465 2542 1500 2596 et
1516 2532 1702 2596 Willelmus
1729 2531 1831 2597 Croue
1859 2541 1974 2598 tenent

469 2616 648 2681 inmediate
673 2617 713 2682 de
738 2618 910 2687 heredibus
936 2618 1088 2682 Edwardi
1110 2619 1152 2683 de
1167 2620 1357 2688 Warrennia
1382 2627 1416 2686 et
1430 2619 1588 2689 Willelmi
1611 2620 1651 2683 de
1665 2619 1870 2688 Whitevelle
1885 2628 1975 2686 certa
2008 2671 2011 2680 ,

471 2708 574 2767 terras
589 2712 623 2768 et
638 2711 829 2770 tenementa
843 2708 879 2770 in
895 2705 1129 2784 Gaosrnwarr,
1145 2727 1209 2792 que
1234 2727 1338 2791 nuper
1361 2707 1495 2771 inerunt
1520 2707 1654 2770 Roberti
1677 2709 1719 2771 de
1745 2707 1773 2771 G
1776 2708 1972 2794 ynyngham‚

470 2790 628 2942 Wiiillelmi
643 2792 683 2856 de
698 2791 909 2942 (ifmsthweyb
921 2794 1095 2858 Laurencii
1105 2793 1256 2880 Spryggy
1265 2801 1300 2858 et
1314 2793 1464 2858 Matildis
1479 2795 1520 2858 ds
1535 2794 1716 2859 Kerdestou
1732 2817 1788 2879 per
1803 2798 1973 2862 servicium

471 2897 524 2941 me
550 2879 696 2963 'etatisj.
728 2902 798 2948 .m.
861 2900 865 2907 ’

514 3039 629 3106 Sibilla
643 3041 730 3126 Boys
743 3048 835 3107 tenet
849 3044 1030 3108 inmediate
1045 3044 1086 3108 de
1100 3044 1218 3108 abbate
1233 3043 1347 3108 Sancti
1363 3043 1532 3108 Benedicti
1555 3041 1594 3106 de
1614 3041 1738 3106 Hulmo
1763 3049 1851 3108 certa
1874 3051 1974 3108 terras

470 3134 505 3191 et
517 3135 709 3194 tenementa
722 3131 758 3193 in
767 3130 1084 3211 Houuuo,W1rrou,
1097 3132 1322 3200 Caosruwuvr
1338 3137 1374 3194 et
1387 3132 1638 3210 Rmnuvrverou‚
1647 3151 1711 3216 que
1726 3151 1828 3216 nuper
1841 3130 1975 3197 fuerunt

470 3214 655 3302 Margarete
670 3218 711 3282 de
727 3217 948 3304 Gynyngham
963 3226 998 3283 et
1012 3219 1034 3283 J
1035 3217 1173 3282 ohannis
1187 3220 1283 3303 Wipe
1298 3239 1356 3303 per
1370 3221 1541 3284 seriicium
1555 3219 1581 3305 j.
1599 3219 1622 3283 i.
1637 3238 1682 3284 m.

512 3379 617 3459 Anna,
634 3378 704 3443 filia
717 3378 877 3445 Johannis
892 3379 997 3456 With,
1011 3381 1141 3460 militis,
1154 3385 1248 3445 tenet
1262 3382 1443 3446 inmediate
1459 3382 1498 3445 de
1522 3379 1669 3445 Johanne
1694 3379 1863 3466 Copuldyk
1886 3389 1975 3446 certa

469 3471 569 3531 terras
591 3476 624 3533 et
652 3472 841 3534 tenemento
866 3469 902 3533 iu
926 3469 1064 3538 Dama
1087 3475 1122 3536 et
1150 3469 1365 3549 Sumenda,
1382 3489 1444 3556 que
1459 3487 1563 3554 nuper
1578 3469 1711 3533 inerunt
1725 3467 1868 3534 Galiridi
1882 3471 1975 3538 With

469 3575 526 3638 per
541 3556 712 3620 servicium
726 3556 751 3643 j.
767 3556 790 3622 f.
806 3578 851 3623 m.

512 3716 629 3781 Sibilla
644 3716 740 3801 noys,
753 3716 940 3803 Margareta
953 3725 987 3781 et
1002 3718 1117 3797 Alicia,
1132 3719 1373 3803 consanguinee
1387 3722 1421 3779 et
1435 3714 1567 3779 heredes
1582 3714 1704 3779 Oliveri
1718 3716 1845 3779 Roberd
1860 3724 1975 3781 tenent

469 3804 660 3885 inmediate,
674 3805 715 3869 de
739 3824 805 3887 quo
818 3804 871 3869 vel
894 3805 935 3869 de
958 3805 1077 3889 quibus
1100 3806 1266 3889 ignorant,
1280 3810 1373 3868 certa
1394 3812 1498 3868 terras
1518 3812 1553 3867 et
1567 3808 1755 3867 tenemento
1768 3804 1803 3865 iu
1820 3804 1974 3883 Horsvvo,

469 3912 534 3977 qus
548 3910 653 3976 nuper
668 3891 802 3958 fuerunt
817 3890 977 3959 iohannis
993 3892 1025 3957 le
1039 3892 1147 3976 Vylie,
1161 3913 1220 3977 per
1234 3893 1410 3957 servicium
1425 3890 1614 3955 medietatis
1622 3890 1651 3975 j.
1666 3891 1690 3957 i.
1706 3911 1751 3955 m.

512 4056 675 4119 Henricus
698 4054 828 4141 Inglose
847 4061 939 4119 tenet
952 4056 1132 4120 inmediate
1145 4055 1187 4119 de
1207 4055 1384 4133 willelmo,
1398 4056 1517 4118 comite
1537 4052 1705 4132 Suffolkie,
1720 4058 1810 4117 certa
1826 4060 1925 4117 terras
1940 4060 1974 4117 et

467 4150 653 4207 tenemento
675 4143 712 4205 iu
736 4142 884 4223 unm,
911 4162 974 4228 que
997 4162 1100 4228 nuper
1126 4144 1261 4207 fuerunt
1284 4142 1402 4227 Rogeri
1427 4140 1551 4227 Geney,
1577 4161 1633 4225 per
1660 4142 1832 4205 servicium
1860 4148 1974 4226 quarte

467 4231 570 4315 partis
578 4228 606 4315 j.
623 4229 648 4297 f.
664 4250 710 4295 m.

509 4366 602 4431 Prior
616 4366 658 4430 ds
672 4365 824 4450 Hiklyng
838 4370 931 4430 tenet
945 4367 1127 4431 inmediate
1140 4366 1181 4430 de
1197 4366 1341 4431 Hearico
1356 4366 1487 4451 Iuglose
1502 4370 1592 4429 certa
1606 4371 1708 4429 terras
1731 4370 1765 4429 et
1786 4370 1975 4429 tenemeuta

466 4455 700 4629 ppfpimrrom,
716 4473 778 4541 que
791 4472 896 4538 nuper
910 4453 1047 4520 fuerunt
1061 4454 1194 4519 Ricardi
1208 4455 1248 4518 de
1264 4452 1446 4537 Boylound‚
1462 4474 1521 4539 per
1536 4454 1710 4519 servicium
1734 4458 1849 4536 quarte
1872 4454 1975 4537 pertis

508 4681 670 4745 Henricus
685 4678 747 4744 eat
761 4684 856 4745 tenet
869 4680 1054 4745 inmediate
1068 4680 1110 4745 de
1124 4678 1297 4745 heredibus
1312 4678 1445 4743 Ricardi
1459 4678 1500 4744 de
1515 4676 1696 4744 Kelleshull
1711 4684 1802 4743 certa
1816 4684 1918 4742 terras
1941 4684 1974 4741 et

466 4772 655 4834 tenementa
678 4769 716 4832 iu
740 4766 878 4835 Baarorv
893 4774 930 4832 et
952 4768 1133 4847 Woasnsu‚
1147 4788 1211 4854 que
1226 4787 1331 4852 nuper
1344 4768 1480 4831 fuerunt
1493 4764 1619 4831 Thome
1641 4767 1681 4831 de
1703 4762 1893 4849 Smalbergh
1917 4785 1976 4849 per

466 4857 639 4923 servicium
653 4854 845 4921 medietatis
859 4856 885 4942 j.
901 4853 926 4921 f.
942 4875 988 4923 m.

509 5018 601 5083 Prior
623 5016 665 5082 de
689 5014 913 5096 Broomholm‚
938 5014 1070 5081 heredes
1092 5018 1244 5101 Hugonis
1269 5020 1305 5081 at
1329 5016 1398 5080 Fen
1412 5021 1446 5081 et
1461 5014 1647 5083 willelmus
1670 5012 1843 5098 Synardby
1858 5016 1975 5079 tenent

465 5105 644 5169 inmediate
658 5106 700 5168 de
713 5104 894 5183 Wiilelmo,
908 5106 1029 5169 comite
1044 5102 1215 5182 Suffolhie‚
1229 5105 1414 5169 manerium
1435 5102 1476 5167 de
1491 5102 1648 5169 Basanon
1668 5102 1703 5164 iu
1718 5101 1886 5181 erort,
1911 5122 1974 5186 que

465 5190 722 5346 nuper-fueruup·
730 5191 862 5256 Ricardi
876 5192 918 5256 de
932 5189 1119 5257 Kelloshull
1133 5196 1169 5257 et
1182 5191 1336 5257 Alienore
1351 5191 1459 5256 uxoris
1474 5210 1532 5255 sue
1546 5196 1582 5255 et
1595 5188 1721 5255 Thome
1741 5189 1895 5274 Latymer
1918 5208 1974 5273 per

467 5298 643 5345 semorum
652 5299 681 5364 J.
738 5299 784 5347 m.

507 5442 681 5523 hienricus,
696 5440 867 5525 episcopus
884 5438 1131 5521 wintoniensis,
1147 5445 1183 5506 et
1195 5440 1336 5505 Thomas
1351 5440 1508 5527 langley,
1526 5440 1697 5524 episcopus
1719 5437 1759 5501 de
1784 5437 1915 5514 Dorem,
1939 5442 1974 5501 et

462 5531 522 5594 alii
536 5528 662 5594 feoffoti
676 5533 792 5593 teuent
804 5526 985 5593 inmediote
998 5528 1040 5593 de
1056 5528 1187 5594 domino
1201 5548 1280 5614 rege
1294 5532 1385 5593 certa
1399 5532 1501 5593 terras
1514 5533 1551 5593 et
1563 5530 1752 5592 tenemeuta
1764 5527 1802 5589 in
1816 5526 1973 5593 Torserat>

466 5624 501 5685 et
514 5618 688 5698 Hormou,
703 5636 767 5703 que
781 5635 885 5701 nuper
899 5615 1033 5680 inerunt
1046 5614 1206 5681 Johauuis
1220 5614 1369 5696 Streche,
1382 5616 1515 5700 militis,
1530 5634 1587 5701 per
1601 5614 1774 5680 servicium
1784 5613 1813 5698 j.
1827 5614 1851 5679 f.
1866 5632 1913 5681 m.

509 5782 656 5847 Oliverus
682 5778 786 5845 Groos
809 5782 904 5843 tenet
928 5779 1109 5844 inmediate
1134 5780 1175 5845 de
1201 5780 1337 5860 Thema,
1351 5780 1484 5846 domino
1499 5781 1540 5844 ds
1566 5778 1705 5857 Mcrlee‚
1718 5782 1809 5843 certa
1822 5781 1925 5843 terras
1940 5784 1974 5843 et

463 5877 654 5935 tenementa
680 5869 717 5932 iu
738 5868 879 5939 Bucusv
906 5872 942 5931 et
970 5867 1137 5950 Lauassn,
1169 5890 1232 5954 que
1269 5890 1373 5954 nuper
1401 5867 1534 5935 fuerunt
1571 5866 1748 5951 Reginaldi
1777 5865 1879 5931 Groos
1914 5886 1972 5952 per

464 5958 639 6025 servicium
652 5956 840 6023 medietatis
854 5954 879 6040 j.
895 5954 919 6020 f.
934 5974 980 6021 m.
