5000 7050
1146 1057 1230 1125 AJ).
1256 1055 1351 1124 1346.
1852 1125 1856 1131 ,
1930 1062 1994 1126 519

540 1346 697 1411 Ricardns
709 1346 796 1410 filins
813 1346 957 1416 Simonis
971 1353 1062 1412 tenet
1076 1351 1111 1410 in
1127 1349 1348 1414 Pnrvnsrncae
1368 1347 1397 1430 j.
1413 1348 1436 1412 f.
1454 1367 1498 1412 m.
1524 1346 1564 1410 de
1588 1347 1707 1410 comite
1734 1345 1938 1410 Glcnceetrie
1961 1351 1995 1409 et

496 1452 602 1496 comes
615 1433 655 1497 de
668 1454 746 1519 rege
804 1473 1827 1486 -----------
1915 1432 1994 1498 xlc.

539 1568 677 1634 Jeccbus
692 1569 876 1654 Athylwald
891 1577 984 1640 tenet
998 1593 1072 1635 cum
1088 1572 1277 1636 tenentibus
1293 1573 1359 1636 suis
1372 1573 1407 1635 in
1425 1572 1537 1638 Souris
1550 1571 1662 1638 Csevu
1678 1591 1779 1634 unum
1794 1572 1995 1652 quarterium

493 1657 519 1721 f.
536 1678 581 1722 m.
596 1658 637 1722 de
652 1659 816 1726 Willelmc
830 1660 872 1723 de
896 1657 1060 1741 Celthorp,
1085 1665 1117 1722 et
1139 1660 1228 1722 idem
1255 1659 1296 1723 de
1318 1659 1464 1723 Jchanne
1488 1659 1620 1741 Monye,
1641 1664 1675 1722 et
1698 1659 1787 1721 idem
1811 1658 1851 1721 de
1877 1660 1996 1721 comite

497 1745 680 1824 Warennie,
694 1751 729 1810 et
745 1767 853 1810 comes
866 1746 906 1810 de
920 1767 1005 1831 rege,
1018 1748 1105 1831 quod
1119 1746 1281 1811 lohannes
1296 1746 1337 1810 dc
1363 1743 1517 1810 Ockeield
1545 1752 1581 1808 et
1604 1746 1795 1809 Edmundus
1820 1745 1996 1808 Athilvald

495 1833 659 1913 quondam
672 1835 783 1898 tenuit
800 1835 868 1913 (ric)
919 1871 1840 1885 ----------
1929 1854 1994 1898 x.r.

540 1969 634 2033 Idem
657 1968 822 2036 Johanues
846 1972 887 2035 de
912 1971 1091 2057 Pulteneye
1115 1977 1209 2035 tenet
1233 1973 1415 2035 manerium
1437 1972 1478 2034 de
1501 1971 1769 2036 Fcnucrvnussou
1784 1971 1819 2032 in
1835 1970 1996 2038 Oumsuon

497 2076 556 2138 pro
570 2057 616 2121 di.
630 2057 655 2122 f.
671 2079 716 2124 m.
731 2060 771 2124 de
786 2058 927 2144 Hugcne
941 2058 1083 2140 Bardclf‚
1099 2065 1135 2123 et
1148 2060 1237 2123 idem
1253 2060 1293 2123 de
1308 2061 1428 2124 comite
1443 2059 1628 2136 Warennie,
1643 2064 1679 2122 ct
1693 2078 1798 2120 comes
1812 2057 1855 2120 dc
1869 2077 1945 2142 rege

1909 2165 1996 2211 xxa.

741 2231 877 2298 Summa
892 2234 957 2298 xlv.
965 2234 1001 2299 li.
1017 2254 1082 2300 ω.
1098 2254 1157 2317 ριο
1170 2234 1250 2319 xxij.
1267 2233 1296 2304 f.
1309 2233 1355 2322 di.
1371 2237 1406 2297 et
1421 2253 1486 2296 uno
1501 2233 1666 2318 quarterio
1679 2232 1704 2297 f.
1720 2253 1765 2296 m.

974 2465 1194 2532 Huvnannuu
1216 2486 1261 2530 nn
1283 2464 1522 2533 WALSHAM.

540 2623 844 2690 Jurati.-Jacobus
859 2623 1029 2709 Rychvvyz,
1044 2625 1209 2690 Jchannes
1224 2626 1369 2710 Martyn,
1387 2627 1407 2690 J
1410 2625 1550 2690 ohannes
1567 2625 1599 2688 la
1613 2625 1738 2703 Veillie‚
1755 2627 1785 2688 N
1788 2623 1931 2689 icholeus
1956 2627 1997 2690 de

497 2711 687 2791 Tsv'erhsm,
701 2712 841 2776 Thomas
856 2714 897 2777 de
912 2711 1128 2798 Cotyngham‚
1143 2713 1308 2777 Jchannes
1324 2713 1365 2777 de
1381 2712 1635 2798 Hemelyngton‚
1661 2713 1818 2777 Ricardus
1841 2713 1998 2790 Pulmone,

497 2799 518 2862 J
519 2799 660 2863 ohannes
674 2800 836 2878 Herberd,
851 2800 1031 2863 Alexander
1046 2799 1164 2879 Cobhe,
1178 2801 1199 2864 J
1201 2801 1343 2865 ohannes
1354 2802 1395 2863 de
1408 2801 1596 2884 Lyncolnia‚
1606 2800 1793 2867 Willelmus
1808 2797 1948 2864 Cachere
1963 2805 1998 2863 et

497 2887 681 2954 Willelmus
695 2886 782 2951 filius
797 2883 867 2951 hde
883 2887 1002 2967 Ochbe,
1018 2887 1075 2973 qui
1089 2887 1205 2950 dicunt
1218 2908 1278 2972 per
1293 2893 1533 2952 sacramentum
1551 2908 1645 2952 suum
1660 2888 1744 2971 quod
1760 2914 1813 2953 :-

539 3074 711 3139 eomitissa
727 3076 914 3140 Marescella
929 3081 1023 3140 tenet
1037 3078 1219 3141 manerium
1230 3078 1272 3141 de
1284 3079 1454 3144 Wsnsnsn
1466 3081 1500 3141 et
1512 3078 1737 3144 Hsnvnsesrn
1746 3079 1800 3141 i.c.
1812 3076 1854 3140 de
1865 3077 1998 3140 domino

496 3184 572 3248 rege
586 3164 685 3227 simul
699 3184 774 3227 cum
789 3164 863 3228 aliis
878 3165 1074 3228 tenementis
1089 3165 1157 3228 suis
1171 3165 1213 3228 de
1227 3167 1386 3229 comitatu
1403 3186 1471 3245 sno,
1488 3185 1546 3248 per
1561 3173 1640 3248 quot
1655 3165 1752 3228 secde
1765 3165 1932 3249 ignorant.

542 3300 634 3364 Idem
652 3304 720 3378 (cic)
737 3322 845 3364 comes
859 3306 949 3364 tenet
966 3303 1149 3364 manerium
1165 3302 1206 3364 de
1221 3301 1312 3368 Ocnn
1327 3302 1425 3365 simul
1441 3322 1517 3364 cum
1542 3303 1616 3365 eliis
1641 3301 1839 3366 tenementis
1865 3303 1931 3365 suis
1958 3301 1999 3366 de

497 3388 629 3451 domino
653 3409 728 3473 rege
753 3389 806 3452 ic.
822 3393 857 3452 et
883 3387 966 3452 illud
989 3388 1084 3452 dedit
1107 3389 1218 3451 ebbnti
1242 3395 1278 3451 et
1303 3391 1476 3452 conventui
1500 3390 1540 3452 de
1563 3389 1730 3472 Tynterne
1756 3390 1790 3451 in
1819 3409 1932 3471 puram
1964 3395 2000 3452 et

497 3483 687 3560 perpetuam
703 3474 911 3540 elemosinam
928 3496 985 3559 per
999 3475 1167 3540 licenciam
1182 3476 1309 3539 domini
1323 3476 1419 3561 regis.

542 3612 700 3676 Dominus
715 3614 884 3695 episeopus
899 3612 1039 3676 Norvvici
1055 3617 1148 3677 tenet
1162 3614 1342 3676 manerium
1357 3614 1398 3675 de
1427 3612 1589 3678 Bncnros
1612 3632 1686 3674 eum
1710 3611 1784 3673 aliis
1807 3615 2000 3676 tenementis

497 3702 565 3763 suis
590 3701 632 3765 de
658 3700 792 3764 baronia
807 3720 866 3763 sun
880 3700 921 3763 de
936 3700 1068 3763 do‘minc
1083 3720 1158 3783 rege
1173 3702 1227 3764 i.c.
1243 3719 1303 3782 per
1318 3705 1400 3783 quot
1415 3702 1550 3762 servicia
1565 3699 1732 3761 feodorum
1748 3698 1884 3781 predicti
1895 3699 2001 3783 jurati

496 3789 648 3871 ignorant
662 3809 671 3859 ;
685 3793 738 3851 set
752 3787 948 3872 respondent
962 3808 1002 3851 ex
1016 3787 1081 3851 elia
1096 3791 1188 3871 parte
1203 3788 1238 3849 in
1254 3786 1422 3851 hundredo
1436 3788 1476 3851 de
1492 3785 1617 3850 Blofled
1632 3786 1687 3849 ubi
1707 3790 1859 3850 oneretur
1872 3787 1912 3851 de
1927 3808 1958 3852 v.
1974 3788 1997 3852 i.

496 3895 554 3958 pro
567 3878 641 3938 tota
654 3874 800 3953 baronia,
815 3880 854 3939 ut
868 3875 1000 3939 dicitur.

540 4013 647 4076 Abbas
663 4011 775 4075 Sancti
792 4012 964 4077 Benedicti
981 4013 1021 4076 de
1037 4012 1161 4076 Hulmc
1175 4018 1268 4077 tenet
1284 4012 1465 4076 manerium
1480 4011 1521 4075 de
1536 4013 1696 4078 Bsssvvrrr
1710 4011 1808 4073 simul
1830 4030 1904 4073 cum
1926 4010 2000 4073 aliis

497 4101 696 4165 tenementis
720 4100 785 4163 suis
808 4100 850 4163 de
876 4100 1008 4163 baronia
1032 4120 1092 4163 suc
1116 4100 1156 4163 de
1182 4100 1315 4163 dominc
1338 4120 1413 4183 rege
1434 4100 1489 4164 i.e.
1506 4120 1563 4184 per
1578 4104 1658 4183 quot
1674 4097 1768 4162 feoda
1783 4099 1946 4182 ignorant,
1964 4102 2000 4162 et

496 4188 671 4272 respondet
686 4208 784 4270 supra
798 4188 833 4250 in
848 4184 1020 4250 hundredo
1035 4188 1076 4251 de
1093 4187 1266 4253 Tunstede.

541 4324 634 4387 Prior
649 4324 689 4387 de
705 4324 827 4387 Beston
841 4330 876 4390 et
890 4326 1067 4408 percenarii
1083 4326 1136 4389 sui
1150 4331 1185 4389 et
1199 4326 1256 4388 alii
1271 4329 1424 4389 tenentes
1444 4326 1625 4389 tenementi
1651 4324 1687 4388 in
1709 4324 1943 4389 Rsnnnwosnn
1966 4331 2001 4387 et

498 4412 703 4478 Wrssussorv
726 4417 761 4475 et
786 4416 937 4476 tenentes
964 4411 1106 4475 Galfridi
1137 4412 1263 4477 Gurion
1291 4416 1406 4476 tenent
1434 4409 1459 4498 j
1487 4412 1511 4476 f.
1538 4433 1582 4477 m.
1608 4411 1648 4475 de
1675 4408 1844 4474 heredibus
1873 4410 1999 4473 domini

498 4499 655 4566 Willelmi
677 4498 708 4561 le
735 4498 926 4579 Mareschal,
940 4499 980 4563 de
1006 4520 1070 4582 quo
1096 4500 1190 4563 iccdo
1216 4500 1390 4564 Edwardus
1415 4498 1561 4584 Gerberg
1587 4504 1622 4562 et
1644 4504 1795 4562 tenentes
1818 4498 1868 4561 sui
1885 4502 1999 4562 tenent

495 4588 633 4671 terciam
648 4591 773 4669 partem
809 4623 1834 4638 ...........
1923 4584 1998 4651 χιε,

540 4722 704 4787 Jchannes
719 4721 859 4786 Bctonrt
873 4728 965 4787 tenet
980 4724 1164 4787 manerium
1178 4724 1219 4787 de
1236 4725 1350 4790 Uerov
1366 4742 1421 4807 per
1436 4722 1606 4786 servicium
1624 4722 1668 4787 di.
1684 4720 1708 4785 f.
1719 4742 1762 4785 m.
1772 4720 1812 4785 de
1827 4722 1999 4785 heredibus

498 4810 669 4961 ἓιρριιιιριῐε
693 4809 823 4949 h'errers
852 4812 934 4948 (reb),
960 4810 1047 4948 quod
1072 4811 1223 4948 dominus
1247 4810 1345 4948 Ηιιρο
1372 4809 1647 4948 (νιειίιιεβιιίὀρ)
1673 4808 1824 4947 Βρὶοιιιῐ.
1837 4809 1998 4962 quondam

541 5033 685 5117 Rogerus
714 5031 904 5118 Hardegrey
933 5038 1027 5098 tenet
1056 5034 1239 5097 manerium
1271 5034 1312 5096 de
1342 5032 1516 5097 Fvssennn
1542 5032 1581 5095 de
1605 5032 1736 5095 dominc
1760 5052 1835 5117 rege
1860 5036 1914 5097 i.c.
1943 5054 1999 5116 per

497 5122 668 5183 servicium
692 5121 788 5182 nnius
814 5120 973 5203 quarterii
998 5121 1022 5185 f.
1039 5141 1084 5185 m.
1112 5120 1198 5206 quod
1223 5119 1422 5203 Reginsldns
1449 5120 1488 5181 de
1513 5118 1664 5182 Dunham
1695 5125 1729 5183 et
1758 5120 1814 5183 alii
1845 5124 1997 5184 tenentes

496 5208 658 5290 quondam
684 5208 715 5270 le
739 5206 833 5270 Velie
856 5214 1035 5271 tenuerunt
1065 5212 1111 5287 (et
1137 5227 1284 5292 proquo
1311 5206 1513 5290 Reginaldus
1541 5206 1628 5270 filius
1659 5205 1816 5269 Beatricis
1845 5206 1875 5270 lc
1904 5206 1997 5271 Velie

493 5303 646 5358 oneratus
661 5294 727 5357 fuit
742 5295 783 5358 de
797 5294 916 5359 relevio
931 5316 989 5357 suo
1006 5301 1153 5378 tempore
1168 5299 1253 5379 regis
1268 5294 1418 5357 Edwardi
1433 5294 1494 5355 filii
1509 5294 1596 5378 regis
1612 5294 1757 5373 Henrici)
1831 5334 1842 5345 -
1930 5316 1995 5359 xe.

539 5430 722 5497 Willelmus
747 5431 788 5494 de
815 5432 988 5516 Gyssyngg
1012 5437 1107 5495 tenet
1130 5432 1316 5495 manerium
1331 5431 1372 5493 de
1388 5432 1532 5495 Renusu
1549 5450 1606 5513 pro
1621 5430 1800 5494 medietate
1815 5431 1839 5515 j.
1856 5430 1878 5495 f.
1895 5451 1939 5493 m.
1956 5431 1997 5494 de

497 5517 668 5581 heredibus
692 5518 847 5585 Willelmi
872 5519 912 5581 de
940 5518 1014 5602 Say,
1038 5525 1073 5583 et
1095 5519 1198 5582 iidem
1227 5518 1361 5583 heredes
1385 5518 1426 5581 de
1450 5538 1526 5603 rege
1555 5520 1608 5582 i.c.
1636 5517 1721 5601 qucd
1744 5518 1927 5584 Willelmus
1957 5518 1997 5581 de

499 5606 644 5671 Redbcm
660 5606 824 5689 quondum
840 5606 951 5670 tenuit
996 5642 1819 5657 ---------
1909 5626 1959 5669 xx.
1967 5629 1994 5671 r.

540 5741 699 5805 Robertus
723 5740 875 5809 Wicbard
901 5742 1015 5805 etalii
1042 5746 1194 5805 tenentes
1220 5746 1379 5803 terrarum
1407 5740 1569 5825 quondam
1595 5737 1756 5801 Johannis
1778 5739 1818 5802 de
1840 5740 1996 5803 Tunstule

496 5832 612 5892 tenent
626 5834 813 5892 tenementis
827 5848 885 5891 uua
899 5828 940 5892 de
954 5827 1104 5892 Johcnne
1120 5828 1162 5892 de
1178 5825 1296 5891 Ceston
1312 5848 1369 5910 per
1384 5828 1555 5889 servicium
1570 5826 1667 5887 unius
1683 5826 1837 5909 quarterii
1853 5826 1876 5889 f.
1892 5845 1937 5890 m.
1961 5833 1997 5891 et

494 5916 581 5979 idem
595 5915 759 5980 Jchennes
773 5916 813 5978 de
826 5916 976 5999 episcopo
993 5915 1143 5994 Nervici,
1160 5920 1194 5978 et
1207 5914 1431 5999 episcopusde
1446 5933 1531 5997 rege,
1546 5913 1631 5995 quod
1647 5914 1753 5975 Adam
1774 5912 1815 5976 de
1840 5914 1996 5978 Tunstale

495 6003 657 6085 quondam
672 6004 782 6067 tenuit
819 6038 1845 6055 ···········
1933 6022 1995 6083 ne,
