5000 7050
550 1065 613 1128 198
1184 1066 1409 1134 ,LINCOLN.

592 1351 684 1414 Prior
699 1340 818 1415 Sancto
830 1352 988 1416 Katorine
1003 1357 1096 1416 tenet
1110 1353 1153 1416 xl.
1170 1358 1294 1435 partem
1311 1357 1343 1414 et
1359 1373 1405 1416 oo.
1420 1363 1545 1436 partem
1561 1355 1585 1438 j.
1603 1355 1626 1418 f.
1643 1355 1679 1416 in
1703 1355 1830 1431 eadem,
1853 1374 1933 1436 quas
1958 1355 2045 1418 idem

550 1438 710 1502 Robertuo
724 1440 887 1521 quondam
902 1442 1021 1504 tenuit.

376 1593 379 1597 ’
473 1646 475 1649 ,
590 1574 808 1640 (¹)Nioholous
835 1576 964 1641 Lettrer
989 1584 1023 1640 et
1047 1577 1207 1641 Robertuo
1231 1577 1345 1662 Engey
1371 1583 1489 1641 tenent
1512 1578 1557 1642 di.
1589 1579 1617 1643 f.
1647 1584 1782 1662 exoepta
1807 1585 1863 1643 xv*
1890 1585 1983 1663 parte
2012 1584 2044 1642 et

548 1663 569 1728 l.
585 1670 677 1748 parto
691 1664 716 1748 j.
733 1666 757 1728 f.
774 1666 809 1726 in
824 1665 927 1742 Boni,
943 1685 1022 1748 quas
1037 1663 1204 1730 Johonnes
1220 1664 1291 1728 Bek
1307 1665 1470 1748 quondam
1486 1666 1605 1731 tenuit.

591 1803 684 1866 Prior
699 1802 818 1866 Sancto
833 1803 990 1868 Katerino
1004 1808 1095 1867 tenet
1111 1805 1215 1890 xlviij.
1232 1809 1358 1887 partem
1372 1805 1396 1890 j.
1412 1804 1437 1869 f.
1452 1806 1487 1866 in
1502 1805 1628 1869 eadem.

590 1937 698 2001 Abbas
711 1939 751 2001 de
767 1937 924 2023 Borlyngr
938 1944 1033 2003 tenet
1048 1939 1112 2024 xvj.
1128 1946 1255 2024 partem
1270 1939 1295 2026 j.
1311 1939 1335 2005 f.
1350 1941 1382 2026 io
1399 1940 1523 2004 eadem.

545 2076 747 2228 tquininus
761 2098 817 2142 rex
833 2080 924 2142 tenet
939 2079 986 2143 di.
1001 2079 1026 2144 f.
1043 2081 1077 2141 in
1104 2079 1293 2158 Sounion,
1317 2079 1403 2162 quod
1430 2079 1600 2162 episeopus
1627 2079 1856 2144 Dunoimensis
1881 2076 2045 2184 quoodam

579 2183 639 2227 nm
657 2213 665 2229 .

546 2299 753 2454 clJtolirannae
775 2304 827 2452 dot
842 2302 1014 2388 Brarebrig
1036 2308 1125 2368 tenet
1139 2303 1202 2389 iiij.
1218 2309 1344 2387 partem
1359 2304 1384 2389 j.
1401 2303 1424 2369 f.
1441 2304 1476 2366 in
1492 2305 1808 2388 Bmcrnn1o,quam
1823 2302 1990 2367 Goifridus
2005 2303 2044 2365 de

584 2409 603 2451 o
644 2409 697 2451 am
751 2409 836 2455 mu.
1342 2422 1348 2441 ·

587 2527 679 2591 Prior
694 2527 813 2592 Sancte
828 2529 988 2594 Katorine
1002 2535 1093 2594 tenet
1110 2530 1172 2616 iiij.
1189 2535 1315 2614 partem
1330 2529 1412 2594 dieti
1428 2531 1451 2595 f.
1466 2531 1501 2593 in
1517 2531 1641 2594 eodem.

583 2663 748 2730 Johannes
773 2666 814 2730 do
837 2666 933 2730 Ware
957 2672 1048 2731 tenet
1073 2668 1122 2753 iij.
1148 2673 1257 2752 partes
1278 2668 1306 2752 j.
1322 2667 1346 2732 f.
1363 2669 1398 2731 in
1424 2669 1598 2746 Bnoxrrrrr
1627 2687 1705 2751 quos
1729 2667 1847 2731 Petrus
1869 2665 1908 2729 de
1934 2663 2040 2748 Grilly

543 2753 707 2835 quondam
722 2754 845 2818 tenuit.

564 3098 567 3107 .
935 3019 1050 3084 From
1071 3019 1276 3088 EPISGOPI
1300 3019 1658 3088 LINGOLNIENSIS.

562 3122 566 3133 Ι
586 3176 679 3241 Idem
695 3179 856 3263 juratores
871 3178 984 3242 dieunt
999 3179 1085 3262 quod
1095 3202 1149 3242 :-

585 3313 752 3378 Goifridus
775 3315 815 3378 de
842 3315 947 3379 Eoton
971 3321 1005 3380 et
1031 3319 1209 3400 poroonarii
1224 3319 1276 3381 rui
1292 3323 1405 3393 tenent
1419 3338 1475 3383 un.
1494 3317 1516 3383 f.
1533 3320 1569 3380 in
1586 3319 1749 3395 (immor,
1764 3317 1849 3401 quod
1866 3317 2040 3395 Walterus,

542 3402 709 3485 episcopus
723 3400 923 3483 Oestriensir,
940 3406 1104 3487 quondam
1119 3407 1239 3470 tenuit.

541 3632 556 3690 t
585 3539 774 3692 ΒιξῗιιΙρὴιιε
789 3542 887 3606 Lovel
902 3547 996 3606 tenet
1009 3543 1034 3629 j.
1051 3544 1075 3608 f.
1092 3545 1127 3606 in
1143 3545 1253 3612 (iossor
1269 3553 1304 3608 et
1317 3544 1407 3624 alibi,
1429 3546 1515 3629 quod
1537 3544 1725 3629 Margareta
1740 3543 1866 3628 Kyrioil
1881 3543 2043 3626 qriondam

558 3646 634 3691 enur
652 3676 661 3694 .

584 3764 742 3831 Robertuo
757 3768 798 3830 de
812 3765 930 3831 Ooivill
954 3773 1046 3832 tenet
1072 3768 1121 3855 iij.
1138 3779 1245 3853 partos
1272 3771 1341 3856 viij.
1358 3775 1485 3854 partem
1511 3771 1536 3855 j.
1552 3770 1575 3834 f.
1591 3771 1627 3833 in
1652 3770 1762 3837 Corssr
1787 3776 1821 3832 et
1844 3768 1936 3847 alibi,
1963 3788 2043 3851 quos

543 3851 712 3916 Gilbertus
727 3854 854 3918 Peoohe
869 3855 1034 3939 quondam
1049 3860 1169 3922 tenuit.

585 3990 691 4054 Abboo
706 3992 746 4055 do
760 3992 853 4055 Valle
867 3992 928 4056 Dei
942 3997 1038 4057 tenet
1052 3994 1123 4080 viij.
1141 4000 1267 4078 partem
1282 3996 1365 4057 dieti
1381 3996 1404 4061 f.
1422 3996 1456 4058 in
1473 3994 1595 4059 eodem.

487 4136 492 4145 '
585 4126 743 4191 Rioorduo
766 4127 903 4193 Swoield
927 4135 1022 4193 tenet
1045 4131 1137 4217 xviij.
1154 4138 1246 4215 parte
1270 4132 1295 4217 j.
1313 4132 1335 4197 f.
1361 4134 1396 4207 in
1423 4132 1680 4208 Lormornorrr,
1705 4150 1805 4213 quam
1828 4129 1988 4194 Robertus
2014 4130 2044 4192 le

544 4212 666 4297 Moyne
680 4216 844 4298 quondam
859 4218 978 4282 tonuit.
1186 4223 1188 4226 ’

585 4348 725 4415 Brianus
751 4353 791 4416 de
814 4353 967 4438 Herdeby
989 4360 1081 4419 tenet
1108 4355 1169 4441 iiij.
1185 4363 1312 4438 partem
1338 4360 1472 4440 excepto
1497 4356 1542 4421 lx.
1559 4361 1651 4441 pario
1674 4376 1731 4420 un.
1748 4356 1772 4419 f.
1788 4356 1823 4417 in
1850 4354 2043 4433 Tauriani,

543 4459 639 4521 quam
655 4438 819 4503 Johannos
833 4440 874 4504 de
890 4440 1045 4526 Herdeby
1060 4444 1223 4526 quondam
1238 4446 1358 4507 tenuit.

586 4577 773 4663 Capitulum
797 4578 967 4643 Linoolnie
992 4584 1084 4644 tenet
1112 4602 1142 4646 1.
1169 4587 1297 4665 portam
1322 4582 1346 4667 j.
1364 4582 1386 4647 f.
1403 4583 1437 4645 in
1466 4583 1591 4661 eodem,
1605 4601 1704 4666 quom
1731 4581 1831 4665 Hugo
1855 4581 1895 4644 do
1924 4578 2043 4643 Sancto

432 4678 436 4687 ’
542 4664 682 4729 vedasto
696 4665 859 4749 quondam
874 4668 996 4732 tenuit.

584 4801 770 4865 Willolmus
784 4802 826 4866 de
842 4801 934 4867 Bello
949 4804 1039 4869 Fano
1054 4810 1147 4870 tenet
1160 4808 1197 4893 ij.
1214 4812 1324 4890 portes
1349 4808 1374 4893 j.
1391 4809 1415 4872 f.
1442 4808 1477 4870 in
1502 4808 1709 4883 Wrnuomrr,
1733 4824 1813 4889 quas
1836 4802 1976 4867 Thomas
2001 4805 2041 4867 de

542 4886 634 4952 Bello
649 4888 738 4952 Fano
752 4891 915 4972 quondam
930 4895 1052 4957 tonuit.

584 5024 771 5109 Margareta
793 5026 834 5089 de
859 5024 998 5092 castello
1022 5034 1113 5094 tonet
1137 5031 1186 5116 iij.
1204 5036 1314 5114 partes
1338 5032 1362 5116 j.
1379 5029 1403 5094 f.
1420 5032 1455 5093 in
1480 5032 1701 5113 Quomonorr
1727 5034 1760 5093 et
1786 5029 1938 5107 Euromo,
1962 5047 2043 5112 quas

541 5113 725 5205 willelmus
738 5112 874 5199 Grogeri
889 5116 1053 5198 quondam
1067 5120 1188 5188 tenuit.

541 5244 742 5398 MRitZardx
757 5246 943 5397 W{lughby
959 5256 994 5316 et
1017 5255 1196 5336 paroenarii
1220 5255 1271 5317 sui
1299 5257 1416 5317 tonent
1440 5254 1465 5338 j.
1482 5254 1505 5317 f.
1521 5254 1557 5314 in
1580 5251 1775 5328 Doruosor,
1790 5250 1875 5333 quod
1899 5250 2042 5335 Rogorus

579 5354 613 5396 or
649 5354 692 5418 yn
743 5355 828 5400 nur.

584 5471 689 5535 David
703 5472 744 5536 de
759 5472 943 5561 Fretoewyk
956 5480 1047 5540 tenet
1062 5477 1108 5542 di.
1124 5476 1147 5543 f.
1163 5486 1297 5563 excepta
1312 5485 1369 5543 xx*
1385 5484 1477 5562 pario
1490 5480 1526 5540 in
1541 5478 1754 5543 Rrrrorsnorr.

584 5607 753 5672 Johannes
768 5601 872 5696 Bussy
886 5616 976 5677 tenet
993 5615 1029 5701 ij.
1046 5615 1070 5679 f.
1086 5617 1121 5679 in
1138 5617 1298 5695 Hromrr,
1312 5638 1376 5699 que
1391 5616 1491 5701 Hugo
1506 5617 1547 5678 de
1563 5615 1667 5698 Bussy
1682 5612 1845 5696 quondam
1861 5614 1982 5677 tenuit.

583 5746 689 5809 David
704 5747 745 5810 de
765 5747 925 5813 Fleiewik
941 5754 1037 5815 tenet
1051 5752 1076 5838 j.
1092 5753 1116 5818 f.
1133 5754 1168 5816 in
1183 5755 1401 5821 Lrsrronrrr.

1193 5930 1222 5992 (¹)
1235 5934 1270 5977 Ar
1282 5929 1309 5977 in
1323 5926 1395 5980 1303.
