5000 7050
1060 1100 1141 1167 al).
1164 1102 1260 1168 1481.
1864 1105 1905 1169 68

433 1388 534 1470 Item,
550 1390 726 1471 Iohanna,
742 1392 855 1456 relicta
869 1392 1011 1455 Galfridi
1025 1396 1093 1455 atte
1107 1391 1222 1468 Wode,
1233 1391 1285 1454 die
1302 1396 1364 1456 eto.
1382 1391 1446 1455 fuit
1462 1392 1573 1455 seisita
1588 1392 1628 1456 de
1643 1395 1736 1457 certis
1751 1394 1844 1457 terris
1870 1398 1905 1457 et

394 1481 598 1542 tenementis
615 1482 653 1542 in
669 1478 844 1543 hundredo
860 1480 1016 1563 predicto,
1034 1500 1096 1563 que
1111 1479 1221 1543 valent
1236 1486 1299 1544 etc.
1318 1479 1393 1563 vja.
1411 1481 1520 1566 viijal.

434 1565 480 1628 Et
493 1566 590 1629 diota
606 1566 764 1631 Iohanna
778 1566 884 1645 habet,
900 1575 963 1632 etc.

436 1701 538 1780 Item,
554 1703 727 1767 Ricardus
742 1704 920 1789 Yllergate‚
936 1705 976 1768 de
991 1705 1139 1784 Preston,
1154 1704 1354 1789 gentylman,
1370 1705 1423 1769 die
1439 1710 1501 1770 etc.
1519 1705 1584 1769 fult
1600 1707 1730 1771 seisitus
1745 1706 1784 1770 de
1809 1708 1906 1771 certis

395 1791 487 1853 terris
501 1796 538 1854 et
554 1792 762 1855 tenementis
775 1794 811 1854 in
827 1792 994 1856 hundredo
1009 1794 1165 1876 predicto,
1180 1814 1242 1875 que
1259 1793 1367 1855 valent
1382 1798 1444 1857 etc.
1462 1793 1566 1878 vilja.

436 1877 481 1941 Et
497 1878 595 1943 idem
612 1880 773 1943 Ricardus
788 1881 896 1961 habet,
912 1888 975 1945 etc.

438 2016 540 2095 Item,
556 2017 753 2080 Willelmus
768 2018 861 2096 Rose,
877 2017 917 2080 de
934 2016 1119 2095 cantuaria,
1134 2018 1335 2100 gentylman,
1351 2016 1404 2079 die
1430 2022 1492 2081 etc.
1510 2017 1573 2082 fuit
1595 2019 1722 2084 seisitus
1745 2023 1785 2085 de
1809 2024 1906 2085 certis

396 2106 490 2166 terris
504 2111 540 2167 et
557 2107 766 2168 tenementis
781 2106 815 2167 in
830 2103 999 2168 hundredo
1014 2105 1170 2187 predicto,
1187 2125 1250 2187 que
1268 2106 1377 2168 valent
1393 2108 1454 2170 etc.
1472 2106 1548 2189 vj.s.
1566 2107 1672 2193 vrij.cl.

437 2192 483 2254 Et
496 2192 592 2255 idem
611 2192 796 2256 Willelmus
810 2191 918 2271 habet,
935 2195 998 2257 etc.

440 2328 539 2410 Item,
555 2330 704 2393 Thomas
726 2330 864 2409 Pollard,
881 2331 921 2394 dc
943 2329 1128 2408 cantuaria,
1144 2330 1257 2413 taylor,
1274 2330 1327 2392 die
1342 2334 1403 2394 etc.
1421 2331 1484 2394 fuit
1502 2332 1632 2395 saisitus
1648 2332 1686 2395 de
1702 2335 1797 2397 certis
1812 2336 1906 2397 terris

398 2421 432 2479 et
445 2421 654 2481 tenementis
670 2421 707 2481 in
722 2419 888 2481 hundredo
902 2419 1058 2501 predicto,
1074 2439 1136 2503 que
1150 2419 1262 2481 valent
1277 2422 1338 2482 etc.
1355 2440 1418 2483 ns.

439 2504 486 2567 Et
500 2506 599 2569 idem
615 2506 756 2569 Thomas
770 2505 877 2586 habet,
892 2514 955 2571 etc.

438 2642 542 2725 Item,
562 2645 762 2724 Willelmus,
772 2646 859 2729 prior
874 2645 1006 2708 ecclesie
1023 2642 1154 2720 Christi,
1164 2641 1346 2723 Cantnarie,
1359 2648 1397 2705 ut
1412 2642 1536 2727 dejure
1551 2645 1683 2709 ecclesie
1699 2666 1754 2709 sue
1769 2647 1810 2711 de
1825 2670 1907 2713 novo

396 2734 588 2816 perquirite
602 2739 677 2816 post
693 2752 815 2795 annum
831 2733 1020 2796 vicesimum
1038 2732 1187 2794 Edwardi
1203 2732 1312 2814 primi,
1327 2732 1380 2793 die
1403 2735 1464 2796 etc.
1488 2732 1552 2794 fuit
1579 2734 1707 2795 seisitus
1731 2735 1771 2797 de
1796 2737 1906 2823 xxviij.

397 2822 478 2883 acris
491 2826 600 2899 terre,
616 2840 694 2887 oum
709 2821 918 2903 pertinenciis
934 2819 968 2882 in
984 2818 1150 2882 hundredo
1165 2819 1321 2902 predicto,
1336 2839 1398 2901 quc
1413 2818 1523 2882 valent
1540 2826 1600 2884 ete.
1617 2821 1716 2906 xiijo.

440 2958 533 3022 Item
568 2958 700 3037 dicunt,
730 2957 816 3041 quod
845 2961 895 3021 est
924 2957 1064 3041 quedam
1092 2957 1235 3021 cantaria
1265 2958 1301 3019 in
1330 2958 1440 3022 Iunior
1470 2959 1660 3021 amortisata
1683 2966 1755 3041 post
1785 2981 1906 3025 annum

398 3048 596 3110 vicesimum
623 3046 785 3110 Edwardi.
828 3044 969 3108 Thomas
993 3044 1039 3107 Ee
1062 3045 1116 3107 die
1140 3053 1202 3109 eto.
1228 3045 1294 3107 fuit
1318 3046 1448 3108 selsitus
1474 3045 1514 3108 de
1541 3047 1685 3109 cantaria
1711 3048 1905 3131 predictam

399 3130 574 3198 hundredo
587 3134 748 3217 predicto,
762 3154 827 3216 que
842 3133 930 3197 valet
943 3138 1004 3198 etc.
1021 3133 1140 3218 axaja.
1157 3132 1212 3217 viij
1217 3130 1264 3196 .d.

442 3271 536 3335 Item
565 3272 699 3349 dicunt,
727 3272 814 3355 qnod
842 3290 953 3334 omnes
982 3275 1016 3334 et
1047 3269 1167 3355 singuli
1197 3270 1416 3354 prenominati
1439 3273 1509 3335 tam
1535 3290 1670 3355 persone
1698 3273 1784 3353 laici,
1811 3296 1907 3361 quam

399 3360 588 3443 spirituales
607 3365 678 3439 (etc.
694 3382 732 3423 as
749 3360 875 3443 before).
1008 3358 1012 3364 ’

441 3496 483 3561 In
499 3497 594 3583 cujus
610 3498 662 3563 rei
677 3496 916 3578 testimonium,
933 3498 996 3563 etc.

884 3916 1104 3981 Honoranuu
1127 3934 1171 3979 na
1193 3913 1441 3982 RYNGESLO.

447 4111 631 4195 inquisicio
646 4110 746 4190 capta
759 4107 845 4190 apud
861 4103 1070 4170 cantuariam
1084 4105 1120 4167 in
1135 4105 1296 4167 munitatu
1311 4103 1435 4167 Kancie
1450 4104 1485 4166 in
1501 4105 1582 4169 festo
1609 4105 1771 4172 Passionis
1798 4109 1909 4176 Sancti

401 4199 529 4262 Thome
549 4198 725 4272 Marturis,
752 4213 836 4256 anno
860 4195 951 4276 regni
977 4195 1061 4276 regis
1077 4192 1210 4255 Henrici
1226 4192 1309 4255 sexti
1325 4199 1396 4274 post
1413 4197 1625 4275 conquestum
1641 4195 1759 4279 Anglie
1774 4199 1908 4280 declino,

402 4308 512 4351 coram
527 4284 683 4349 Iohanne
699 4281 824 4345 Pecche
849 4286 917 4359 (etc.
943 4304 979 4347 aa
1006 4283 1132 4365 before),
1158 4300 1217 4362 per
1243 4285 1481 4342 sacramentum
1504 4281 1676 4364 proborum
1699 4289 1734 4347 et
1753 4286 1909 4370 legalium

402 4374 577 4437 hominnm
607 4370 776 4435 hundredi
805 4369 955 4452 predicti,
992 4368 1141 4431 videlicet
1179 4367 1338 4429 willelmi
1376 4366 1559 4452 Harlewyn,
1596 4369 1753 4434 Iohannis
1790 4375 1909 4456 Herne,

403 4462 564 4526 Iohannis
579 4459 723 4537 Favere,
738 4455 860 4519 Thome
874 4460 945 4519 atte
959 4455 1051 4533 Dele,
1068 4454 1227 4517 Willelmi
1240 4453 1407 4532 Aldelond,
1425 4454 1581 4538 Stephani
1598 4457 1739 4536 liemon,
1753 4459 1909 4527 Willelmi

403 4548 567 4631 Mandyk‚
582 4545 747 4611 Iohannis
763 4543 932 4623 Forstalle,
948 4541 1073 4604 Thome
1088 4540 1262 4621 Godholte,
1278 4542 1438 4604 Hamonis
1453 4542 1553 4625 Tyby,
1565 4543 1730 4607 Edmundi
1741 4546 1769 4607 F
1770 4551 1908 4630 orstalle,

403 4646 437 4701 et
452 4636 474 4700 J
476 4635 620 4700 ohannis
633 4634 814 4717 l'rystrnm,
828 4632 885 4715 qui
900 4631 1016 4694 dicunt
1031 4650 1125 4712 snper
1140 4636 1374 4691 sacramentum
1391 4650 1485 4692 suum
1501 4631 1585 4712 quod
1597 4655 1650 4694 :-

447 4802 546 4865 Prior
569 4803 605 4862 et
632 4799 812 4861 conventus
836 4794 876 4856 de
903 4792 1037 4878 Langle‚
1054 4792 1093 4855 de
1113 4791 1274 4854 comitatu
1289 4791 1484 4871 Hertfordie,
1501 4796 1536 4855 et
1558 4792 1722 4859 Iohannes
1747 4797 1853 4881 Isaalr,
1871 4802 1911 4867 de

403 4886 710 4972 patfykegbourne,
739 4884 774 4946 in
804 4881 963 4944 comitatu
992 4880 1145 4963 predicto,
1176 4879 1376 4963 gentylman,
1407 4879 1459 4942 die
1488 4879 1625 4944 Veneris
1660 4887 1805 4966 proximo
1834 4894 1911 4954 ante

403 4978 530 5040 fatum
563 4972 679 5036 Sancti
709 4969 840 5032 Hillarii
871 4970 1025 5052 episcopi,
1056 4987 1141 5029 anno
1178 4967 1272 5050 regni
1308 4969 1393 5050 regis
1430 4966 1562 5030 Henrici
1600 4972 1778 5052 supradicti
1814 4997 1910 5057 nono,

404 5064 589 5147 separatim
615 5058 749 5122 fuerunt
775 5057 879 5119 seisiti
894 5060 929 5119 in
944 5056 1107 5119 dominico
1122 5073 1189 5131 suo,
1206 5059 1245 5116 ut
1260 5052 1301 5115 de
1315 5054 1414 5117 libero
1430 5059 1627 5136 tenemento,
1643 5058 1684 5122 de
1699 5064 1843 5127 manerio
1870 5068 1910 5130 de

404 5152 600 5218 Wssruarn
627 5167 702 5209 cunr
727 5145 940 5228 pertinenciis
963 5145 997 5205 in
1024 5139 1173 5225 parochia
1190 5141 1308 5206 Saroni
1324 5142 1488 5206 Jonsnrus
1503 5142 1539 5203 in
1554 5142 1679 5208 Taneto
1694 5147 1728 5209 in
1744 5146 1911 5217 hundredo

404 5240 571 5323 predicto,
594 5235 681 5319 qnod
704 5238 835 5296 tenetur
861 5251 917 5314 per
940 5231 1112 5293 servicium
1136 5248 1192 5293 nn.
1217 5228 1239 5292 f.
1264 5248 1308 5291 m.
1332 5229 1464 5312 integri,
1490 5229 1575 5292 unde
1599 5232 1739 5314 predicti
1768 5240 1855 5318 prior
1878 5248 1911 5304 et

405 5326 591 5390 conventus
621 5323 738 5386 tenent
767 5339 867 5382 unam
895 5317 1109 5381 medietatem
1145 5316 1233 5378 illius
1260 5315 1283 5378 f.
1315 5335 1358 5379 m.
1388 5317 1523 5400 integri,
1552 5323 1586 5380 et
1615 5318 1781 5387 Iohannes
1813 5327 1911 5392 Isaak

404 5414 578 5492 predictus
608 5413 701 5473 tenet
729 5406 829 5471 aliam
859 5405 1068 5468 medletatem
1096 5402 1186 5465 illius
1216 5401 1238 5466 f.
1269 5423 1312 5466 m.
1340 5403 1472 5487 integri,
1499 5424 1561 5487 quc
1590 5407 1723 5489 quidem
1752 5414 1912 5479 medietas

404 5501 635 5586 predictorum
658 5496 773 5579 prioris
795 5498 831 5558 et
853 5497 1029 5556 conventus
1059 5491 1245 5555 amortisata
1269 5489 1417 5553 extiterit
1442 5499 1516 5572 post
1553 5511 1676 5556 annum
1700 5515 1741 5560 xx
1763 5499 1911 5568 Edwardi

405 5592 497 5675 regis
511 5591 587 5672 post
600 5587 817 5668 conquestum
831 5581 941 5665 primi·

452 5752 553 5829 Item,
566 5746 764 5813 Edmnndns
779 5742 911 5828 Wylres,
926 5742 966 5807 de
980 5741 1150 5824 Natynton
1165 5740 1200 5803 ln
1215 5740 1379 5803 comitatu
1393 5739 1548 5822 predicto,
1564 5744 1755 5826 gentilman,
1778 5748 1831 5813 die
1850 5756 1903 5815 eto

407 5843 477 5906 init
491 5839 623 5904 saisitus
638 5837 680 5900 de
693 5832 841 5899 manerio
854 5830 895 5896 do
910 5831 1133 5896 Nannacounr
1148 5829 1183 5891 in
1198 5825 1347 5911 parochia
1363 5827 1481 5893 Snuorr
1496 5829 1681 5897 Lsunnuorr
1695 5833 1729 5894 in
1746 5834 1911 5904 hundredo

408 5926 572 6016 predicto,
587 5924 675 6015 qnod
689 5927 822 5989 tenetur
835 5940 894 6008 per
909 5917 1077 5985 servicium
1092 5936 1148 5982 un.
1163 5914 1187 5980 f.
1202 5936 1245 5980 m.
1262 5913 1391 5999 integri.
