5000 7050
580 1061 643 1127 884
1231 1060 1437 1131 LINOOLN.

622 1352 700 1415 Plus
728 1349 851 1415 ibidem
878 1349 1068 1415 levaverunt
1092 1366 1151 1415 nec
1176 1350 1284 1416 levare
1309 1354 1484 1435 potuerunt
1510 1370 1549 1415 eo
1575 1351 1661 1438 qnod
1686 1350 1777 1417 dicta
1799 1351 1935 1425 ecclesia
1951 1351 2078 1420 'Ssucrr

579 1441 745 1507 donrunrs
771 1438 806 1500 in
833 1438 997 1504 Neurosn
1012 1440 1173 1502 scituatur
1196 1440 1231 1501 in
1255 1438 1417 1504 suburbiis
1432 1438 1602 1502 Linoolnie
1616 1444 1709 1503 extra
1722 1444 1921 1522 potestatem
1935 1440 2077 1522 ipsomnr

578 1527 800 1602 collectorum,
815 1546 852 1587 ac
867 1546 923 1608 pro
945 1546 982 1589 eo
1005 1527 1090 1610 qnod
1114 1528 1265 1610 ignorant
1290 1531 1451 1611 quantum
1473 1526 1579 1589 levare
1604 1527 1726 1590 debent
1752 1528 1794 1590 de
1819 1528 1908 1590 dicto
1934 1527 2076 1590 subsidio

578 1615 666 1698 apud
691 1614 839 1677 Dursrssnr
865 1618 899 1675 et
920 1620 1079 1697 quantum
1101 1615 1189 1695 apud
1205 1614 1382 1694 Hoossnorr,
1398 1634 1436 1677 eo
1449 1613 1536 1696 quod
1552 1615 1678 1677 tnxacio
1692 1614 1770 1678 inde
1784 1634 1850 1677 non
1865 1618 1917 1678 est
1931 1619 2077 1697 separate

580 1723 641 1766 neo
655 1701 812 1853 distpncta
834 1696 1037 1787 [caracelled]
1088 1697 1214 1787 [Note]
1241 1700 1325 1776 Quia
1340 1720 1404 1764 non
1420 1705 1561 1765 testatur
1575 1702 1615 1765 de
1636 1703 1804 1765 taxacione
1828 1701 1919 1766 dicte
1944 1701 2078 1765 ecclesie

584 1790 704 1859 Sauonr
741 1808 893 1854 onnuurs.

622 1941 671 2005 De
697 1946 790 2025 perte
814 1943 950 2008 subsidii
974 1945 1107 2010 ecclesie
1134 1946 1286 2030 parochie
1309 1946 1350 2011 de
1374 1946 1548 2013 Orsusrou
1577 1966 1653 2010 cum
1679 1945 1863 2011 Tnuannan
1887 1949 1923 2007 et
1944 1943 2077 2009 ecclesie

580 2030 698 2097 Sancus
713 2028 900 2100 Lsunsucn
914 2053 952 2096 ac
966 2034 1091 2115 capella
1108 2038 1176 2115 (sie)
1197 2034 1317 2103 Sinone
1332 2035 1516 2111 Lacunam,
1536 2053 1599 2118 qne
1618 2034 1810 2115 abantiquo
1825 2031 2021 2117 texebantur
2037 2033 2076 2096 ed

576 2116 619 2181 xl.
631 2138 672 2181 ru.
687 2117 834 2181 deductis
848 2121 925 2183 inde
941 2122 1037 2207 xij.lr'.
1058 2142 1117 2204 pro
1130 2123 1299 2185 taxacione
1323 2121 1457 2185 ecclesie
1482 2121 1602 2188 Ssucm
1625 2121 1799 2186 Lacunam
1823 2125 1858 2182 et
1881 2119 2013 2182 ecclesie
2037 2120 2076 2183 de

580 2203 762 2269 Tnueuuau
789 2206 824 2268 in
863 2207 1028 2271 Kesteven
1064 2208 1177 2295 xiiptt.
1222 2206 1394 2295 [corrected
1431 2205 1478 2294 to]
1521 2208 1648 2295 xxij.m.
1700 2206 2075 2293 Subsidiumr—xxvj.s.

587 2287 760 2377 [corrected
776 2290 822 2379 to]
843 2293 959 2360 xxixa.
975 2297 1073 2381 mpd.

620 2377 699 2441 Plus
722 2379 846 2443 ibidem
871 2381 1063 2447 levaverunt
1085 2403 1147 2447 nec
1172 2384 1277 2446 levare
1299 2387 1477 2467 potuerunt
1504 2402 1542 2445 eo
1565 2382 1652 2467 quod
1678 2381 1766 2445 dicta
1794 2380 1929 2444 ecclesie
1960 2380 2077 2448 sinon

578 2465 764 2531 Lauasuorr
775 2468 934 2532 scitnatur
944 2470 1029 2533 infra
1039 2471 1207 2534 civitatem
1219 2470 1386 2534 Lincolnie
1395 2474 1486 2533 extra
1500 2474 1698 2554 potestatem
1711 2470 1857 2552 ipsorum
1871 2467 2076 2531 collectorum

577 2557 611 2616 et
633 2552 756 2617 ibidem
779 2555 819 2619 de
845 2576 927 2619 novo
949 2562 1080 2621 taxatur
1104 2578 1161 2642 per
1182 2557 1434 2641 inquisicionem
1457 2557 1498 2620 ad
1524 2557 1599 2621 lx.s.
1624 2556 1710 2620 unde
1735 2555 1921 2618 collectores
1950 2555 2071 2619 ibidem

576 2640 771 2723 respondent
799 2641 838 2705 de
868 2643 945 2729 rja.
974 2645 1015 2708 de
1045 2644 1200 2723 subsidio,
1228 2651 1263 2709 et
1292 2646 1382 2709 dicta
1410 2644 1535 2729 capella
1565 2643 1684 2711 Ssucnr
1713 2642 1887 2709 haonsam
1914 2646 1965 2705 est
1992 2642 2075 2706 infre

576 2728 744 2791 civitatem
759 2729 937 2813 predictam
951 2735 986 2794 et
1001 2752 1065 2795 non
1080 2736 1211 2797 taxatur
1226 2753 1284 2816 per
1299 2754 1344 2812 se,
1360 2752 1420 2795 nec
1435 2736 1511 2795 sunt
1525 2731 1649 2795 ibidem
1665 2729 1887 2794 inhabitantes
1913 2729 2076 2793 domicilia

577 2820 737 2894 tenentes,
764 2822 798 2879 st
819 2816 1000 2885 unumne
1015 2826 1065 2883 est
1078 2820 1114 2883 in
1127 2819 1275 2903 partibus
1290 2819 1331 2883 de
1346 2818 1509 2882 Keateven
1523 2824 1558 2881 et
1571 2817 1692 2882 ibidem
1710 2822 1840 2881 taxatur
1855 2816 1897 2880 ed
1913 2818 2005 2881 nali.
2022 2838 2076 2900 per

575 2902 826 2984 inquisicionem
840 2905 925 2968 unde
941 2905 1123 2970 collectores
1133 2907 1256 2970 ibidem
1265 2907 1459 2991 respondent
1468 2906 1507 2969 de
1516 2905 1642 2991 xviiia.
1658 2906 1699 2968 de
1708 2904 1854 2968 subsidio
1871 2900 2074 2990 [cancelled].

579 2988 859 3074 Superonerantur
874 2992 913 3054 de
929 2992 1009 3077 hijs.
1025 2993 1086 3079 iiij.
1096 2996 1127 3059 d.

621 3147 668 3211 De
682 3147 792 3232 aliquo
807 3148 949 3211 subsidio
963 3150 1187 3232 parochiarum
1203 3151 1457 3236 subscriptarum
1481 3149 1631 3213 videlicet
1657 3148 1790 3212 ecclesie
1815 3147 2013 3230 prebendalis
2035 3148 2075 3213 de

578 3236 724 3303 Wnnnou
740 3236 942 3301 Bemnnsun
956 3242 990 3300 et
1005 3238 1188 3318 Beniamin,
1206 3261 1268 3325 que
1283 3241 1323 3303 ad
1339 3241 1410 3305 nli.
1426 3238 1573 3305 Wnnrou
1589 3237 1779 3304 Wssnssann
1803 3235 1991 3313 subdecani,
2012 3257 2074 3321 que

577 3323 618 3386 ad
642 3325 714 3388 nli.
739 3323 885 3390 Wennou
912 3325 1043 3390 Asusas
1059 3327 1280 3404 Prmnsmnn,
1304 3348 1366 3412 que
1392 3327 1434 3388 ad
1448 3325 1493 3409 xj.
1504 3326 1538 3389 li.
1555 3324 1702 3391 Wsnnon
1719 3323 1811 3387 Deva
1825 3324 1995 3401 Banasam,
2011 3344 2073 3408 que

577 3411 618 3473 ad
634 3412 706 3476 att.
721 3416 780 3473 aut
806 3410 951 3478 Wnnnou
974 3413 1106 3478 Ravana
1130 3414 1357 3481 Gunnnnsnue
1381 3414 1531 3495 magistri
1558 3411 1738 3474 Salomonis
1761 3430 1836 3473 cum
1861 3412 2013 3492 porcione
2036 3412 2074 3475 de

581 3498 777 3564 Krannnorm
801 3502 836 3562 et
862 3500 1138 3581 H1arnnnsnown
1162 3522 1225 3588 que
1244 3502 1285 3565 ed
1306 3505 1381 3568 lan.
1398 3500 1516 3565 vicarie
1542 3498 1582 3564 de
1612 3498 1797 3576 K1annnou,
1822 3517 1885 3586 qne
1915 3498 1956 3561 ad
1988 3520 2073 3564 nm.

577 3586 693 3650 vicarie
708 3585 749 3649 de
765 3585 1039 3668 Hranunnarown,
1057 3590 1176 3653 vicarie
1191 3591 1338 3653 omnium
1354 3587 1592 3672 prebendarum
1615 3586 1832 3668 predictamm
1855 3587 1892 3648 in
1918 3586 2074 3665 Wunron,

577 3693 640 3758 que
654 3673 696 3737 ad
710 3694 740 3738 x.
752 3674 786 3738 ll.
802 3679 878 3738 ente
892 3683 973 3737 xv⁸s¹¹
990 3675 1171 3759 predictam
1188 3675 1301 3740 Sancti
1315 3676 1486 3740 Michaelis
1502 3673 1708 3751 taxabantur,
1724 3693 1790 3736 non
1804 3672 2001 3758 respondent
2020 3694 2075 3756 per

577 3761 671 3825 breve
685 3761 771 3843 regis
786 3780 872 3824 nunc
886 3762 927 3825 de
942 3783 1060 3847 magno
1076 3763 1184 3848 sigillo
1199 3765 1387 3829 enodatum
1401 3765 1502 3848 xiijm⁰
1517 3763 1572 3825 die
1595 3760 1690 3824 lunii
1716 3779 1802 3822 enno
1825 3767 1917 3823 sexto
1939 3761 2075 3842 prefatis

576 3848 801 4001 piollectloribns
825 3848 986 3914 directum
1010 3857 1045 3914 et
1069 3853 1142 3914 istis
1165 3852 1336 3934 particulis
1350 3859 1522 3915 consutum
1545 3844 1749 3936 [cancelled].
1795 3844 2074 3931 Superonerantur

600 3937 677 3999 six.
699 3937 722 4001 i.
739 3935 808 4022 viij.
820 3958 846 4000 a.
864 3935 974 4023 viij.d.

621 4096 670 4160 De
696 4097 806 4183 aliquo
832 4098 974 4163 subsidio
996 4099 1147 4182 parochie
1170 4099 1307 4164 ecclesie
1331 4101 1372 4164 de
1386 4101 1607 4168 Wrnsuorssu
1629 4098 1666 4160 in
1689 4096 1851 4160 decanatu
1874 4097 1914 4161 de
1937 4093 2077 4182 Iawrys,

577 4189 713 4269 quaest
740 4184 877 4268 parcella
900 4186 1060 4269 prebende
1083 4186 1125 4250 de
1150 4187 1377 4267 Enemcnrnr,
1404 4208 1465 4274 que
1492 4186 1625 4272 quidem
1648 4183 1783 4247 ecclesia
1808 4185 1850 4247 ed
1877 4206 1928 4251 xx.
1941 4207 1983 4250 m.
1998 4191 2075 4248 ante

577 4271 757 4356 predictam
772 4280 851 4336 xv⁸²¹¹
867 4272 983 4338 Sancti
998 4272 1171 4337 Michaelis
1194 4275 1378 4354 taxabatur,
1405 4296 1471 4339 non
1497 4271 1707 4357 respondent,
1734 4291 1772 4334 eo
1794 4272 1883 4358 quod
1907 4292 1972 4336 non
1998 4275 2077 4336 sunt

577 4360 692 4424 decem
707 4358 929 4425 inhabitantes
947 4365 1015 4441 (etc.
1032 4384 1068 4427 ce
1084 4362 1210 4445 before).

620 4523 669 4588 Dc
694 4525 787 4606 parte
812 4521 947 4586 subsidii
972 4523 1106 4587 ecclesie
1131 4523 1335 4607 prebendelis
1352 4522 1394 4585 de
1415 4522 1620 4589 Cossuonsn
1635 4541 1711 4584 cnm
1725 4523 1876 4605 porcione
1891 4520 1933 4585 de
1950 4521 2075 4602 Snows,

575 4611 700 4696 ampli.
727 4615 762 4673 et
785 4631 847 4694 que
870 4630 945 4672 cum
971 4611 1092 4674 vicarie
1107 4612 1148 4675 de
1165 4612 1371 4679 (locassem
1386 4610 1428 4673 ed
1442 4630 1562 4674 ccam.
1578 4607 1768 4694 abjentiquo
1784 4609 1966 4687 taxabatur,
1983 4610 2028 4694 xj.
2038 4611 2073 4675 li.

576 4697 650 4782 plus
664 4696 787 4760 ibidem
802 4716 868 4759 non
882 4695 1069 4762 levaverunt
1083 4719 1143 4762 nec
1157 4698 1266 4764 levare
1281 4703 1459 4782 potuerunt
1473 4717 1512 4761 eo
1528 4695 1614 4781 quod
1628 4697 1782 4780 ignorant
1793 4700 1953 4781 quantum
1968 4695 2075 4759 levare

576 4783 697 4848 debent
712 4783 754 4848 de
768 4783 912 4848 subsidio
927 4786 1072 4868 predicte
1087 4786 1220 4851 ecclesie
1235 4787 1276 4851 dc
1292 4787 1497 4855 Coarnoneu
1512 4797 1546 4851 ct
1562 4792 1723 4869 quantum
1746 4784 1787 4848 de
1813 4784 1904 4848 dicta
1928 4784 2077 4867 porcione

577 4872 617 4936 de
634 4871 737 4950 Suow,
753 4891 790 4934 ac
804 4891 861 4954 pro
875 4892 913 4936 eo
928 4873 1015 4957 quod
1030 4875 1156 4939 taxacio
1173 4875 1250 4939 inde
1265 4880 1397 4937 nonest
1412 4876 1566 4955 separata
1580 4891 1639 4934 neo
1653 4871 1822 4937 distincta.
1953 4872 1957 4878 '

619 5033 668 5098 De
691 5033 800 5120 aliquo
825 5035 969 5099 subsidio
994 5036 1143 5120 parochie
1170 5035 1305 5100 ecclesie
1333 5033 1536 5117 prebendalis
1559 5033 1600 5098 de
1624 5034 1778 5100 Asosaas
1804 5035 1839 5097 in
1859 5034 2022 5097 decanatu
2036 5032 2078 5096 de

577 5117 784 5206 Bolyngbrolr
809 5123 851 5184 ed
875 5145 997 5190 xxmm.
1022 5124 1064 5187 ab
1088 5125 1224 5206 antiquo
1247 5129 1359 5186 tanate
1383 5142 1440 5206 per
1465 5141 1600 5202 annum,
1623 5141 1689 5185 non
1713 5121 1909 5205 respondent
1934 5141 1972 5184 eo
1991 5119 2077 5206 qnod

577 5229 641 5273 uon
666 5215 741 5273 sunt
757 5209 873 5274 decem
888 5231 1023 5295 persone
1038 5209 1263 5275 inhabitantes
1280 5214 1348 5290 (etc.
1364 5232 1401 5276 aa
1416 5211 1543 5294 before).

619 5371 756 5436 Summa
778 5374 958 5438 taxacionis
982 5373 1218 5459 prebendarum
1244 5372 1463 5457 predictarum
1488 5371 1604 5436 valoris
1628 5394 1659 5440 x.
1671 5395 1711 5438 m.
1737 5376 1773 5437 et
1792 5372 1889 5439 ultra.
1936 5368 2079 5437 Subs—

576 5459 647 5547 lxij.
659 5461 693 5526 li.
710 5460 754 5547 vj.
765 5484 791 5528 s.
807 5461 876 5548 viij.
887 5463 919 5527 d.

845 5699 1012 5765 Eccnesrn
1035 5721 1101 5767 uon
1123 5721 1244 5766 namna
1267 5721 1351 5768 suna
1374 5707 1455 5765 xv⁸¹¹¹
1474 5700 1593 5768 sinon
1615 5698 1816 5765 Mscnsnms.

618 5837 762 5903 Ecclesia
777 5837 897 5906 Sason
910 5871 1040 5885 —--
1056 5837 1097 5902 de
1113 5839 1288 5906 Tonnnenn
1302 5841 1336 5904 in
1353 5840 1517 5906 decanatu
1531 5837 1571 5901 de
1585 5837 1726 5922 Lawrys,
1740 5855 1803 5924 que
1817 5838 1893 5899 ante
1913 5842 1996 5898 ΠΜ
2013 5855 2081 5900 non

575 5925 759 5994 tambatur.
805 5923 1008 6004 Subsidium,
1022 5925 1099 6016 vjs.
1116 5926 1228 6014 viipd.
