5000 7050
1080 1090 1161 1156 Al).
1186 1093 1281 1161 1431.
1889 1102 1929 1164 65

454 1370 554 1454 Item,
571 1374 755 1442 Omtancia
768 1376 940 1458 Notebsm,
965 1378 1005 1442 ds
1025 1377 1180 1463 parochia
1204 1379 1246 1443 ds
1272 1427 1611 1448 .......
1635 1384 1701 1448 luit
1727 1386 1839 1450 saisita
1865 1391 1928 1452 etc.

413 1460 451 1523 de
476 1464 577 1526 certis
598 1467 700 1529 terris
722 1470 758 1529 et
781 1467 978 1529 tenementis
993 1487 1069 1529 cnm
1095 1468 1311 1551 pertinenciis
1337 1470 1370 1530 in
1398 1467 1550 1551 parochia
1568 1472 1709 1539 Ocnos
1729 1473 1927 1541 Ssuorcnun

413 1548 570 1631 predicta,
587 1572 655 1635 que
670 1553 784 1617 valent
798 1558 876 1632 etc,
892 1554 965 1619 att.

455 1637 499 1700 Et
511 1639 605 1703 idem
623 1638 802 1705 Onslancia
815 1638 931 1719 habet,
944 1644 1007 1706 eto.

335 1826 342 1838 .
455 1775 555 1855 Item,
570 1776 742 1843 Iohannes
756 1777 904 1858 sanford,
920 1780 1071 1863 armiger,
1089 1778 1155 1843 fuit
1171 1778 1304 1845 seisitus
1319 1786 1380 1845 eto.
1404 1780 1444 1845 de
1459 1784 1558 1847 certis
1572 1786 1667 1848 terris
1681 1789 1716 1848 et
1730 1789 1929 1852 tenementis

412 1882 487 1926 cnm
501 1867 722 1947 pertinenciis
736 1868 772 1929 ln
787 1867 938 1949 parochia
954 1867 1072 1934 Ssuom
1088 1868 1260 1947 Nmnonsr,
1277 1867 1311 1934 in
1328 1868 1460 1948 Taneto,
1477 1890 1540 1953 que
1556 1870 1668 1935 valent
1682 1878 1746 1938 eto.
1762 1876 1833 1939 nli.

454 2002 551 2082 Item,
567 2003 734 2089 Robertus
750 2004 904 2083 Bertelot‚
920 2004 961 2069 de
977 2004 1129 2089 parochia
1145 2006 1257 2071 Sancti
1274 2006 1377 2087 Petri,
1402 2010 1596 2092 gentilman,
1612 2008 1677 2073 fuit
1706 2013 1835 2077 seisitus
1858 2018 1922 2079 etc.

411 2089 451 2153 de
476 2093 577 2155 certis
604 2094 700 2156 terris
724 2098 759 2157 et
783 2094 982 2158 tenementis
1007 2112 1081 2157 cum
1107 2095 1320 2178 pertinenciis
1334 2098 1369 2158 in
1385 2094 1536 2179 parochia
1553 2096 1695 2164 Ounrun
1714 2099 1921 2179 Ssuononnn,

414 2198 474 2261 qne
489 2177 605 2243 valent
620 2198 819 2263 perannum
832 2180 910 2247 xlc.

456 2264 500 2330 Et
515 2266 609 2331 idem
625 2266 791 2332 Robertns
805 2266 918 2346 habet,
933 2274 994 2333 etc.

455 2402 543 2467 Item
580 2404 770 2470 willelmus
804 2406 977 2469 Edwardes
1005 2411 1039 2468 et
1075 2404 1216 2470 Thomas
1251 2406 1428 2471 Bemcsrnd
1470 2408 1510 2470 de
1549 2383 1695 2487 london,
1741 2408 1926 2490 ohondoler,

355 2526 359 2531 ⁴
413 2491 545 2555 inerunt
572 2494 680 2557 seisiti
705 2497 768 2557 etc.
796 2493 958 2558 desertis
984 2495 1081 2557 tants
1106 2499 1142 2558 et
1166 2496 1362 2559 tenementis
1388 2516 1463 2559 cum
1480 2499 1691 2579 pertinenciis
1708 2498 1745 2561 in
1773 2500 1922 2581 parochia

416 2580 534 2645 Sason
550 2580 721 2647 Nrcnonm
735 2581 771 2644 in
786 2581 922 2661 Taneto,
938 2602 1001 2666 que
1015 2581 1126 2645 valent
1140 2588 1194 2647 etc
1195 2631 1421 2648 .....

453 2716 551 2798 Item,
568 2717 722 2801 priorissa
738 2718 850 2787 Sancti
864 2716 987 2798 Jacobi,
1004 2718 1186 2799 cantuarie,
1203 2732 1240 2784 ut
1255 2718 1382 2803 dejure
1397 2719 1602 2801 hereditaria,
1628 2720 1695 2786 init
1721 2722 1833 2786 seisita
1857 2726 1920 2789 etc.

412 2804 452 2868 dc
473 2808 577 2956 ce¹lrtia
598 2807 695 2871 terris
718 2813 754 2870 et
777 2807 976 2871 tenementis
1002 2809 1036 2872 in
1059 2806 1211 2891 parochia
1239 2804 1358 2875 Sanam
1375 2808 1538 2876 N1c110nu
1563 2809 1719 2892 predicta,
1736 2831 1799 2893 que
1814 2810 1922 2874 valent

415 2898 500 3042 etcIit
514 2916 608 3043 dr'cta
622 2981 778 3063 priorissa
791 2978 902 3062 habet,
917 2990 980 3048 eto.

454 3117 542 3182 Item
572 3119 687 3183 dicunt
716 3120 802 3203 quod
831 3140 943 3184 omnes
972 3126 1008 3185 et
1037 3120 1159 3206 singuli
1190 3121 1423 3204 prenominati,
1452 3125 1522 3186 tam
1560 3141 1695 3205 persone
1723 3122 1797 3186 laici
1823 3143 1920 3207 quam

414 3206 603 3289 spirituales
621 3210 689 3285 (stc.
706 3229 744 3273 as
759 3208 887 3288 before).

456 3345 498 3410 ln
511 3346 609 3433 cujus
623 3347 672 3410 rei
687 3346 925 3427 testimonium,
941 3351 1006 3414 cto.

948 3561 1169 3632 chnannnrs
1191 3583 1237 3631 nn
1260 3561 1397 3630 HllAN.

456 3700 636 3787 Inquisitio
660 3705 758 3787 napta
780 3703 867 3786 apud
892 3701 1098 3768 cantuariam
1121 3702 1175 3766 die
1200 3702 1356 3766 Mercurii
1382 3701 1528 3787 proximo
1554 3706 1628 3785 post
1652 3702 1776 3766 festum
1802 3701 1915 3765 Sancti

414 3789 543 3853 Andree
557 3790 715 3874 Apostoli,
729 3809 817 3854 anno
830 3792 923 3874 regni
938 3791 1025 3876 regis
1040 3790 1175 3854 Hsnrici
1190 3791 1275 3854 sexti
1302 3793 1376 3874 post
1401 3794 1614 3872 conquestum
1639 3790 1756 3874 Anglie
1783 3790 1918 3868 decimo,

413 3895 522 3941 coram
536 3877 687 3942 Johanns
700 3877 825 3942 Pecche
843 3882 911 3957 (etc.
922 3900 959 3944 aa
973 3879 1099 3963 before),
1112 3899 1170 3963 per
1184 3882 1423 3942 sacramentum
1438 3876 1565 3941 Thomc
1580 3875 1747 3960 Heyward,
1758 3875 1918 3940 Willelmi

414 3963 611 4050 Pedelynge,
635 3965 796 4029 Willelmi
822 3965 929 4049 Fytel,
956 3965 1113 4029 Willelmi
1138 3971 1208 4030 atta
1232 3966 1363 4044 Dcwne,
1389 3963 1548 4028 Johannis
1573 3963 1723 4041 Yoklete,
1752 3962 1916 4028 Iohannis

413 4050 586 4137 Berffors,
601 4053 726 4132 fallare,
742 4052 902 4118 Iohannis
915 4053 976 4116 filii
991 4052 1150 4116 Willelmi
1165 4053 1337 4136 Bergrove,
1362 4051 1496 4116 Ricardi
1521 4055 1594 4116 atie
1619 4051 1731 4129 Stcnc,
1754 4049 1775 4114 J
1776 4049 1914 4114 ohannis

413 4138 538 4224 Bygge,
561 4138 722 4203 Johannis
745 4140 932 4225 Brounyng,
957 4137 1118 4204 Johannis
1144 4137 1250 4218 Clark,
1277 4145 1313 4205 et
1339 4137 1500 4224 Stephani
1516 4137 1644 4224 Whyte,
1672 4139 1852 4222 juratorum
1877 4139 1916 4202 de

412 4224 580 4292 hundredo
594 4228 634 4292 de
649 4226 755 4308 Hean,
769 4231 827 4312 qni
842 4228 959 4292 dicunt
974 4248 1070 4311 super
1084 4231 1325 4292 sacramentum
1342 4247 1447 4306 suum,
1464 4226 1550 4310 quod
1564 4252 1617 4292 :—

456 4365 598 4430 Domina
621 4365 782 4447 Iohanna,
808 4367 940 4431 domina
963 4366 1004 4430 ds
1027 4365 1246 4452 Bsrgeveney,
1272 4366 1324 4429 die
1353 4365 1488 4430 Veneris
1517 4366 1664 4449 proximo
1690 4369 1765 4429 ante
1795 4364 1915 4428 festum

415 4453 526 4518 Sancti
552 4454 698 4535 Hillarii,
721 4455 873 4538 episcopi,
898 4454 1053 4518 ultimum
1078 4455 1273 4538 preteritum
1297 4453 1362 4516 fuit
1386 4457 1421 4518 et
1443 4458 1494 4517 set
1518 4452 1632 4516 seisita
1657 4452 1698 4515 de
1712 4453 1859 4516 manerio
1873 4452 1914 4516 de

415 4541 608 4608 Posrsnrno
622 4562 699 4605 cum
713 4543 779 4606 suis
793 4543 1007 4626 pertinenciis
1028 4543 1061 4604 in
1088 4540 1256 4605 hundredo
1278 4540 1436 4625 predicto,
1464 4544 1504 4604 ut
1529 4540 1570 4604 de
1597 4539 1699 4603 libero
1725 4545 1915 4604 tenemento

415 4649 481 4708 sno,
495 4629 581 4712 qnod
595 4628 729 4715 quidem
744 4630 935 4709 manerium,
950 4649 1024 4692 cum
1038 4628 1105 4692 suis
1118 4627 1338 4712 pertinenciis,
1354 4635 1484 4692 tenetur
1498 4649 1555 4710 per
1570 4627 1741 4692 servicium
1758 4647 1814 4691 un.
1831 4626 1854 4692 t.
1866 4647 1910 4692 m.

414 4718 545 4802 integri,
560 4720 597 4781 et
610 4737 667 4783 un.
682 4718 886 4801 quarterium
901 4737 946 4781 un
963 4717 987 4782 f.
1004 4737 1049 4783 m.
1065 4717 1197 4801 integri.

457 4853 543 4920 Item
557 4849 699 4918 Thomas
715 4853 892 4919 Brckhulle
906 4855 946 4920 de
962 4853 1133 4936 Saltwode,
1149 4855 1301 4939 armiger,
1316 4853 1460 4939 predicto
1475 4853 1529 4917 die
1556 4851 1689 4916 Veneris
1715 4853 1780 4917 luit
1805 4857 1839 4916 et
1862 4857 1914 4918 est

414 4943 540 5008 seiaitus
563 4943 605 5007 ds
629 4945 726 5007 certis
749 4947 843 5008 terris
858 4964 932 5006 cum
955 4945 1021 5006 suis
1036 4944 1258 5026 pertinenciis,
1273 4962 1337 5026 que
1351 4946 1506 5006 vocantur
1522 4939 1661 5007 'Inonun
1676 4940 1713 5004 in
1732 4939 1912 5022 Ssqnwona

418 5027 485 5108 (sic)
502 5030 662 5115 predicis,
677 5038 713 5094 et
725 5031 762 5094 in
776 5029 947 5095 hundredo
961 5031 1121 5116 predicto,
1136 5050 1216 5114 quas
1231 5036 1331 5095 terras
1347 5030 1506 5113 predictas
1521 5049 1596 5092 cnm
1612 5029 1678 5093 suis
1701 5029 1912 5113 pertinenciis

415 5119 568 5200 predictis
582 5123 676 5183 tenet
691 5139 750 5203 per
763 5117 935 5182 servicium
950 5119 1087 5182 duarum
1102 5119 1246 5202 partium
1263 5137 1318 5182 un.
1335 5119 1358 5184 f.
1376 5137 1420 5182 m.
1438 5117 1571 5201 integri.

456 5255 497 5320 lit
522 5255 640 5320 dicunt
662 5256 748 5340 qnod
774 5256 881 5339 quoad
906 5257 1144 5342 quinquaginta
1167 5255 1261 5320 seoda
1285 5255 1431 5319 militnm
1456 5256 1525 5319 sive
1555 5253 1713 5338 percellas
1743 5252 1912 5318 feodorum

415 5343 568 5423 militnm,
583 5343 755 5429 dequibus
768 5363 909 5428 expensa
922 5343 1068 5407 militum
1082 5343 1124 5407 ad
1140 5343 1392 5426 parliamentum
1408 5342 1564 5407 ultimum
1579 5347 1711 5406 tentum
1734 5342 1911 5406 electorum

414 5429 574 5496 sclcmodo
598 5432 726 5496 onerari
750 5429 915 5511 deberent,
937 5438 1036 5514 prout
1059 5433 1094 5494 in
1121 5431 1270 5516 predicta
1285 5430 1512 5494 commissione
1528 5429 1739 5514 specificatur,
1755 5449 1819 5492 ncn
1836 5433 1911 5492 sunt

414 5515 489 5584 talin
501 5520 538 5584 in
552 5518 723 5584 hundredo
737 5519 883 5604 predicto
899 5518 985 5582 unde
1000 5517 1143 5604 aliquam
1157 5517 1315 5583 noticiam
1329 5518 1460 5583 habent.

455 5653 551 5738 Item,
566 5657 734 5742 predictus
747 5654 888 5721 'l'homas
903 5653 1073 5737 Brolrhull,
1088 5657 1236 5741 predicto
1252 5656 1306 5721 die
1321 5655 1457 5720 Veneris
1472 5660 1536 5720 etc.
1554 5655 1620 5719 fuit
1644 5657 1679 5717 et
1705 5658 1755 5716 est
1781 5655 1911 5717 saisitus

415 5740 454 5807 ds
476 5745 575 5810 certis
603 5746 702 5810 terris
730 5745 767 5808 in
797 5744 978 5814 Smrwonn
1006 5746 1044 5808 in
1072 5743 1251 5810 hundredis
1281 5743 1446 5828 predictis,
1475 5762 1556 5826 quas
1591 5748 1694 5806 terras
1732 5760 1808 5803 cnm
1845 5743 1911 5803 suis

415 5833 619 5912 pertinenciis
646 5837 744 5899 tenet
771 5833 807 5897 in
836 5831 1042 5917 gavilkendc,
1071 5853 1135 5918 qne
1164 5838 1253 5898 terre
1281 5832 1394 5897 valant
1430 5829 1615 5908 annuatim,
1651 5828 1738 5891 ultra
1775 5828 1912 5910 reprisas

417 5924 611 6004 neoessarias,
627 5923 741 5987 decem
754 5919 867 5986 libras.

508 6059 587 6110 19462
1825 6051 1848 6099 Ε
