5000 7050
578 1075 642 1142 598
1219 1077 1439 1148 NORFOLK.

598 1421 601 1425 ,
623 1365 722 1450 lingo
748 1365 918 1446 Habham,
932 1369 1037 1448 miles,
1056 1372 1151 1434 tenet
1175 1372 1360 1434 manerium
1385 1391 1479 1434 suum
1503 1370 1544 1433 de
1568 1369 1757 1448 Possuwru,
1777 1365 1863 1452 quod
1889 1383 1992 1448 nuper
2018 1361 2083 1425 fuit

580 1451 739 1518 Johannie
753 1453 877 1536 Uffcrd,
892 1456 1069 1521 inmediate
1084 1457 1125 1522 de
1140 1457 1274 1522 domino
1288 1479 1363 1543 rege
1377 1479 1436 1541 per
1452 1457 1625 1522 servicium
1640 1457 1665 1542 j.
1682 1455 1706 1521 f.
1721 1477 1766 1521 m.

628 1590 808 1655 Willelmns
821 1591 945 1676 Philip,
961 1594 1070 1672 miles,
1084 1600 1176 1660 tenet
1191 1595 1320 1678 dejure
1336 1597 1442 1659 uxoris
1458 1615 1515 1658 sue
1530 1595 1712 1658 manerium
1737 1592 1776 1656 de
1802 1592 2082 1664 Sruuurssnseu,

580 1677 666 1762 quod
680 1699 782 1763 nuper
796 1679 861 1744 fuit
875 1680 897 1744 J
898 1682 1035 1746 ohannis
1049 1681 1193 1764 Bardolf‚
1208 1683 1388 1748 inmediate
1404 1683 1443 1747 de
1458 1683 1591 1746 domino
1605 1701 1682 1766 rege
1698 1701 1755 1764 per
1769 1679 1941 1742 servicium
1952 1675 1981 1759 j.
1999 1675 2023 1738 f.
2040 1695 2083 1738 m.

627 1813 719 1878 Idem
734 1816 920 1881 Willelmus
935 1823 1027 1882 tenet
1041 1819 1083 1883 de
1093 1820 1168 1902 jure
1182 1822 1292 1884 uxoris
1307 1841 1364 1884 sue
1380 1821 1561 1884 manerium
1587 1818 1628 1882 de
1655 1818 1842 1894 Gsurnnnu,
1868 1813 1959 1914 quod·
1981 1830 2084 1895 nuper

579 1901 828 2077 {tpssigtheqqrs
852 1904 994 1985 Bardolf,
1020 1907 1061 1970 de
1087 1908 1220 1972 baronia
1244 1908 1379 1992 Gurnay
1404 1929 1462 1992 per
1489 1908 1660 1972 servicium
1683 1906 1730 1970 di.
1747 1905 1771 1970 f.
1788 1904 1811 1968 f.
1836 1901 2020 1967 iumedrate
2045 1897 2084 1960 de

622 2125 778 2189 Ricardus
804 2127 984 2208 carbonell,
1011 2128 1117 2209 miles,
1134 2133 1227 2194 tenet
1253 2131 1433 2194 manerium
1458 2129 1499 2194 de
1526 2130 1754 2206 Bnavnrsrou,
1781 2125 1868 2212 quod
1892 2142 1998 2207 nuper
2021 2121 2085 2186 luit

579 2210 738 2277 Johannis
752 2212 872 2278 Ceston
885 2237 944 2299 per
958 2217 1131 2281 servicium
1145 2217 1190 2284 di.
1206 2217 1229 2282 f.
1245 2240 1290 2284 m.
1306 2217 1485 2282 inmediate
1499 2216 1540 2281 de
1556 2217 1707 2300 episcopo
1723 2216 1750 2276 N
1754 2215 1869 2278 orvici.

624 2350 715 2413 Idem
730 2349 887 2414 Ricardus
902 2356 993 2416 tenet
1007 2354 1191 2417 manerium
1206 2354 1246 2416 de
1261 2355 1411 2433 Wrrrcv,
1427 2352 1513 2436 quod
1528 2373 1632 2435 nuper
1646 2352 1711 2415 fuit
1731 2349 1751 2414 J
1753 2347 1889 2413 ohannis
1904 2345 2027 2410 Ceston
2050 2347 2085 2408 et
2123 2417 2127 2426 ,

579 2435 704 2501 Thome
717 2436 874 2520 Britonis,
888 2460 946 2523 per
960 2443 1160 2523 quarterium
1175 2441 1201 2526 j.
1217 2441 1240 2505 f.
1257 2463 1302 2506 m.
1318 2441 1496 2504 inmediate
1511 2440 1552 2504 de
1568 2440 1718 2524 episcopo
1733 2437 1883 2502 Ncrvici.

623 2574 768 2639 Heredes
792 2574 952 2640 Johannia
980 2575 1052 2642 Cler
1080 2583 1197 2643 tenent
1226 2582 1417 2642 tenements
1446 2599 1503 2640 sua
1533 2579 1569 2640 in
1596 2577 1786 2652 Fueruour,
1812 2573 2027 2638 Lvueuuowu
2051 2571 2084 2633 et

581 2661 797 2742 deorumne,
835 2684 877 2729 ue
900 2685 1003 2748 nuper
1025 2665 1161 2729 fuerunt
1187 2665 1340 2729 Generdi
1363 2664 1403 2730 de
1427 2664 1607 2748 Eyneslord
1633 2684 1692 2748 per
1722 2663 1893 2726 servicium
1917 2660 1963 2724 di.
1989 2659 2014 2723 f.
2039 2679 2084 2722 m.

578 2749 757 2814 inmediate
772 2750 813 2814 ds
852 2751 1001 2816 eredibus
1015 2752 1154 2817 Roberti
1168 2753 1229 2816 filii
1244 2751 1374 2838 Rogeri.

622 2884 722 2970 Hugo
744 2885 930 2970 Ryghtvvys,
955 2886 1122 2952 Johannes
1148 2887 1266 2954 Ocltcu
1292 2895 1326 2952 et
1351 2889 1529 2973 percenarii
1556 2888 1607 2951 sui
1631 2891 1745 2950 tenent
1769 2889 1956 2950 tenementis
1971 2903 2034 2946 sua
2049 2883 2083 2945 in

583 2972 695 3039 Soura
719 2973 952 3052 Brunrrvausu,
983 2976 1182 3054 Boanumu,
1213 2977 1423 3042 Hssrrorran
1456 2983 1492 3038 et
1518 2977 1704 3052 Burunrov,
1727 2994 1791 3059 que
1817 2991 1922 3056 nuper
1947 2971 2084 3033 fuerunt

579 3058 694 3123 Jacobi
720 3060 898 3145 Ryghtwys
923 3071 958 3125 et
980 3063 1103 3127 Thcme
1129 3063 1404 3149 Hyndrynglrem‚
1428 3083 1486 3147 per
1500 3063 1671 3128 servicium
1686 3062 1732 3126 di.
1749 3061 1773 3125 f.
1789 3083 1834 3126 m.
1849 3059 2030 3122 inmediate
2045 3057 2084 3120 de

579 3147 753 3211 heredibus
767 3147 788 3211 J
791 3146 925 3212 ohannis
941 3149 1084 3217 Burdolf.

621 3283 716 3348 Idem
745 3284 845 3368 Hugc
874 3293 910 3350 et
939 3286 1103 3352 Johannes
1131 3292 1166 3351 et
1195 3288 1373 3371 percenarii
1403 3287 1454 3350 sui
1484 3293 1599 3350 tenent
1627 3290 1819 3350 tenementis
1848 3303 1907 3347 sue
1931 3285 1967 3346 in
1996 3282 2084 3346 villis

578 3372 742 3455 predictis,
758 3393 822 3455 que
836 3393 940 3457 nuper
955 3374 1091 3438 luerunt
1104 3376 1326 3458 predictorum
1340 3375 1361 3438 J
1363 3374 1453 3438 scobi
1470 3380 1504 3438 et
1515 3374 1536 3439 J
1537 3374 1674 3437 ohannis
1689 3394 1744 3458 per
1759 3373 1930 3436 servicium
1946 3371 1992 3437 di.
2005 3370 2028 3436 f.
2038 3391 2082 3436 m.

578 3460 756 3524 inmediate
770 3460 810 3523 de
825 3458 996 3526 heredibus
1010 3462 1033 3526 J
1033 3461 1170 3527 ohannis
1186 3460 1316 3528 Ceston.

624 3594 783 3659 Henricus
798 3596 938 3681 Inglose‚
955 3599 1060 3679 miles,
1075 3605 1168 3663 tenet
1183 3601 1369 3663 manerium
1384 3619 1479 3662 suum
1495 3600 1535 3662 de
1552 3600 1751 3673 Boreum,
1774 3594 1861 3680 quod
1883 3612 1987 3675 nuper
2018 3591 2084 3655 fuit

578 3681 738 3746 Johannis
764 3683 941 3749 Retleeden
966 3707 1025 3769 per
1051 3688 1222 3751 servicium
1245 3688 1271 3772 j.
1288 3687 1310 3751 f.
1328 3709 1372 3752 m.
1399 3686 1577 3749 inmediate
1604 3686 1644 3749 de
1668 3682 1841 3748 heredibus
1857 3680 2017 3743 Willelmi
2044 3680 2085 3743 de

579 3770 696 3832 Monte
711 3769 838 3848 Criniso,
852 3773 939 3837 unde
954 3773 1099 3859 Rogems
1114 3774 1264 3839 Esthalle
1280 3780 1371 3838 tenet
1387 3783 1486 3839 xxx⁸¹¹¹
1505 3778 1640 3857 partem.

622 3897 782 3981 Magister
798 3898 985 3965 Willelmus
1001 3901 1165 3966 Bernhsm
1181 3908 1217 3967 et
1231 3902 1418 3967 Willelmus
1434 3904 1557 3965 Pastcn
1573 3908 1688 3966 tenent
1711 3898 1896 3963 manerium
1920 3918 2018 3960 suum
2041 3896 2082 3960 de

578 3984 773 4065 Bsuunanu,
797 3987 883 4071 quod
910 4008 1014 4071 nuper
1036 3989 1101 4053 luit
1128 3990 1284 4055 Willelmi
1310 3991 1350 4054 de
1374 3991 1493 4055 Sancto
1520 3990 1636 4054 Omero
1659 4007 1718 4072 per
1734 3986 1905 4050 servicium
1920 3984 1965 4049 di.
1988 3984 2014 4050 f.
2036 4006 2081 4051 m.

577 4072 756 4135 inmediate
771 4073 810 4137 de
826 4072 996 4139 heredibus
1011 4077 1148 4141 Roberti
1162 4078 1224 4143 filii
1241 4078 1370 4164 Rogeri.
1388 4120 1391 4129 ·

621 4206 784 4273 Johannes
820 4210 968 4297 Jmmyn,
1004 4214 1111 4293 miles,
1149 4222 1183 4279 et
1219 4215 1398 4298 percenerii
1433 4216 1485 4277 sui
1514 4217 1631 4277 tenent
1660 4214 1694 4275 in
1733 4213 1841 4277 Pauvs
1870 4212 2083 4287 Pammenes,

579 4296 787 4363 Hasrucnau
818 4303 853 4362 et
881 4298 1062 4366 Funruose
1091 4322 1195 4365 unum
1224 4304 1423 4387 quarterium
1453 4303 1476 4366 f.
1508 4322 1554 4367 m.
1585 4300 1672 4386 quod
1702 4318 1807 4383 nuper
1843 4299 1909 4362 fuit
1945 4298 2081 4363 Ernsldi

578 4384 809 4467 Mcuuteneye,
823 4385 1003 4451 inmediate
1018 4389 1059 4452 de
1075 4386 1246 4453 heredibus
1261 4389 1385 4453 domini
1401 4389 1536 4453 Roberti
1551 4388 1612 4451 filii
1627 4386 1776 4451 Walteri.

531 4510 537 4523 ’
623 4520 752 4585 Sibillia
781 4521 866 4605 Boya
894 4528 987 4588 tenet
1014 4531 1206 4591 tenemento
1233 4548 1293 4591 sua
1322 4529 1358 4590 in
1390 4528 1498 4593 Psuvs
1528 4527 1729 4591 Pauuesrnn
1752 4532 1786 4588 et
1816 4524 1850 4585 in
1887 4522 2080 4591 Gnruusuu

580 4610 791 4686 Pnuunsram
814 4630 877 4695 que
905 4632 1009 4696 nuper
1037 4613 1172 4679 fuerunt
1202 4614 1369 4678 Edmundi
1401 4614 1517 4697 llleye‚
1546 4634 1603 4696 per
1632 4633 1736 4676 unum
1767 4612 1967 4696 quarterium
1993 4611 2018 4676 f.
2034 4632 2079 4675 m.

578 4696 756 4760 inmediate
771 4698 812 4761 de
825 4700 970 4761 manerio
985 4699 1025 4763 de
1040 4700 1188 4767 Milham.

621 4831 785 4898 Johannes
800 4834 909 4900 Roche
924 4842 959 4901 et
974 4843 1126 4903 tenentes
1141 4842 1193 4904 sui
1207 4848 1323 4904 tenent
1338 4842 1373 4903 in
1390 4841 1508 4906 Nonru
1523 4840 1745 4906 anvuuuau
1761 4857 1863 4901 unum
1879 4836 2078 4923 quarterium

574 4921 600 4987 f.
616 4944 662 4988 m.
678 4921 765 5008 quod
780 4942 883 5007 nuper
897 4925 964 4987 fuit
979 4926 1110 4990 Ricardi
1127 4927 1246 5008 Roehe‚
1263 4929 1443 4992 inmediate
1459 4929 1499 4992 de
1514 4926 1686 4992 heredibus
1700 4927 1721 4990 J
1723 4923 1859 4988 ohannis
1876 4923 2019 4989 Weston.

623 5059 789 5125 Johannes
817 5063 923 5149 Aleyn
959 5068 993 5128 et
1028 5064 1169 5130 Iasbelle
1198 5066 1362 5131 Collesson
1393 5072 1509 5131 tenent
1541 5068 1576 5129 in
1606 5066 1776 5143 anuusu,
1807 5064 2016 5129 Luueuuowe
2045 5065 2080 5125 et

581 5149 767 5217 Surrrwonn
782 5170 884 5213 unum
899 5154 1100 5236 quarterium
1115 5153 1138 5219 f.
1155 5177 1200 5220 m.
1217 5155 1304 5239 quod
1319 5176 1422 5239 nuper
1441 5154 1507 5218 luit
1532 5153 1690 5217 Johaunis
1715 5152 1880 5235 Steynvvar
1903 5149 2079 5213 inmediate

579 5237 621 5301 de
636 5238 778 5300 manerio
793 5236 833 5300 de
847 5238 999 5304 Milham.

621 5372 743 5437 Dicunt
754 5374 858 5438 eciam
871 5376 1031 5462 juratores
1046 5377 1187 5461 predicti
1202 5378 1290 5464 quod
1304 5378 1395 5443 nulle
1410 5382 1488 5442 sunt
1503 5376 1568 5441 ulie
1583 5396 1717 5461 persone
1732 5374 1790 5440 dcc.

1051 5594 1272 5662 Hunuaunuu
1296 5618 1340 5661 nn
1363 5592 1622 5662 TAVERHAM.

623 5744 804 5828 Inquisicio
817 5752 912 5832 capta
926 5753 1011 5835 epud
1026 5754 1207 5843 Attilbrigg
1221 5757 1273 5822 die
1289 5756 1403 5821 Martis
1417 5756 1562 5840 proxime
1577 5758 1650 5837 pest
1664 5753 1783 5816 festum
1809 5750 1919 5813 Sancti
1934 5749 2078 5813 Barnebe

580 5832 716 5915 apostoli
741 5854 824 5898 anno
849 5857 865 5898 r
929 5839 940 5901 i
963 5843 1049 5925 regis
1075 5842 1208 5909 Henrici
1232 5848 1317 5909 sexti
1340 5850 1412 5929 post
1434 5852 1648 5927 conquestum
1673 5844 1764 5903 sexto
1787 5857 1892 5901 uorem
1922 5836 2077 5901 Nicholac

581 5918 712 5998 oeten,
732 5918 896 6008 [Joheune
934 5926 1076 6012 Lynlord
1100 5936 1135 5995 et
1158 5934 1253 5997 sociis
1280 5934 1346 5997 suis
1371 5929 1594 5996 collectoribus
1619 5927 1756 5992 subsidii
1785 5924 1910 5989 domini
1932 5925 2019 6009 regis
2042 5925 2078 5987 in
