<?xml version="1.0" encoding="UTF-8"?>
<!DOCTYPE html PUBLIC "-//W3C//DTD XHTML 1.0 Transitional//EN"
    "http://www.w3.org/TR/xhtml1/DTD/xhtml1-transitional.dtd">
<html xmlns="http://www.w3.org/1999/xhtml" xml:lang="en" lang="en">
 <head>
  <title>
</title>
<meta http-equiv="Content-Type" content="text/html;charset=utf-8" />
  <meta name='ocr-system' content='tesseract 3.04.00' />
  <meta name='ocr-capabilities' content='ocr_page ocr_carea ocr_par ocr_line ocrx_word'/>
</head>
<body>
  <div class='ocr_page' id='page_1' title='image "./inquisitionsand00offigoog_0455.png"; bbox 0 0 5000 7050; ppageno 0'>
   <div class='ocr_carea' id='block_1_1' title="bbox 1130 1060 1975 1132">
    <p class='ocr_par' dir='ltr' id='par_1_1' title="bbox 1130 1060 1975 1132">
     <span class='ocr_line' id='line_1_1' title="bbox 1130 1060 1975 1132; baseline 0.008 -7"><span class='ocrx_word' id='word_1_1' title='bbox 1130 1060 1215 1127; x_wconf 65' lang='lat' dir='ltr'>sl).</span> <span class='ocrx_word' id='word_1_2' title='bbox 1241 1063 1337 1129; x_wconf 78' lang='lat'>1302.</span> <span class='ocrx_word' id='word_1_3' title='bbox 1911 1064 1975 1132; x_wconf 82' lang='lat'>437</span> 
     </span>
    </p>
   </div>
   <div class='ocr_carea' id='block_1_2' title="bbox 477 1350 1973 1609">
    <p class='ocr_par' dir='ltr' id='par_1_2' title="bbox 477 1350 1973 1609">
     <span class='ocr_line' id='line_1_2' title="bbox 521 1350 1973 1418; baseline 0.001 -5"><span class='ocrx_word' id='word_1_4' title='bbox 521 1350 614 1413; x_wconf 84' lang='lat' dir='ltr'>Idem</span> <span class='ocrx_word' id='word_1_5' title='bbox 638 1371 745 1415; x_wconf 88' lang='lat' dir='ltr'>comes</span> <span class='ocrx_word' id='word_1_6' title='bbox 770 1353 878 1414; x_wconf 92' lang='lat' dir='ltr'>tenuit</span> <span class='ocrx_word' id='word_1_7' title='bbox 902 1354 1086 1414; x_wconf 85' lang='lat' dir='ltr'>manerium</span> <span class='ocrx_word' id='word_1_8' title='bbox 1110 1352 1149 1415; x_wconf 87' lang='lat' dir='ltr'>de</span> <span class='ocrx_word' id='word_1_9' title='bbox 1173 1354 1264 1418; x_wconf 80' lang='lat' dir='ltr'>Actu</span> <span class='ocrx_word' id='word_1_10' title='bbox 1290 1353 1388 1416; x_wconf 89' lang='lat' dir='ltr'>simul</span> <span class='ocrx_word' id='word_1_11' title='bbox 1414 1373 1490 1415; x_wconf 89' lang='lat' dir='ltr'>cum</span> <span class='ocrx_word' id='word_1_12' title='bbox 1515 1352 1588 1416; x_wconf 88' lang='lat' dir='ltr'>aliis</span> <span class='ocrx_word' id='word_1_13' title='bbox 1612 1354 1810 1416; x_wconf 74' lang='lat' dir='ltr'><strong>tenementis</strong></span> <span class='ocrx_word' id='word_1_14' title='bbox 1840 1354 1906 1415; x_wconf 91' lang='lat' dir='ltr'>suis</span> <span class='ocrx_word' id='word_1_15' title='bbox 1933 1351 1973 1415; x_wconf 89' lang='lat' dir='ltr'>de</span> 
     </span>
     <span class='ocr_line' id='line_1_3' title="bbox 477 1437 1973 1524; baseline 0.001 -25"><span class='ocrx_word' id='word_1_16' title='bbox 477 1437 609 1499; x_wconf 92' lang='lat' dir='ltr'>domino</span> <span class='ocrx_word' id='word_1_17' title='bbox 633 1457 708 1521; x_wconf 82' lang='lat' dir='ltr'>rege</span> <span class='ocrx_word' id='word_1_18' title='bbox 732 1440 785 1501; x_wconf 89' lang='lat' dir='ltr'>i.c.</span> <span class='ocrx_word' id='word_1_19' title='bbox 812 1443 846 1502; x_wconf 87' lang='lat' dir='ltr'>et</span> <span class='ocrx_word' id='word_1_20' title='bbox 868 1438 951 1501; x_wconf 90' lang='lat' dir='ltr'>illud</span> <span class='ocrx_word' id='word_1_21' title='bbox 975 1439 1067 1502; x_wconf 84' lang='lat' dir='ltr'>dedit</span> <span class='ocrx_word' id='word_1_22' title='bbox 1092 1439 1201 1503; x_wconf 85' lang='lat' dir='ltr'>abbati</span> <span class='ocrx_word' id='word_1_23' title='bbox 1226 1446 1261 1503; x_wconf 89' lang='lat' dir='ltr'>et</span> <span class='ocrx_word' id='word_1_24' title='bbox 1286 1439 1459 1503; x_wconf 85' lang='lat' dir='ltr'>conventui</span> <span class='ocrx_word' id='word_1_25' title='bbox 1482 1440 1522 1503; x_wconf 90' lang='lat' dir='ltr'>de</span> <span class='ocrx_word' id='word_1_26' title='bbox 1547 1438 1710 1523; x_wconf 86' lang='lat' dir='ltr'>Tynterne</span> <span class='ocrx_word' id='word_1_27' title='bbox 1736 1440 1769 1502; x_wconf 93' lang='lat' dir='ltr'>in</span> <span class='ocrx_word' id='word_1_28' title='bbox 1797 1440 1911 1524; x_wconf 79' lang='lat' dir='ltr'>puram</span> <span class='ocrx_word' id='word_1_29' title='bbox 1940 1444 1973 1503; x_wconf 89' lang='lat' dir='ltr'>et</span> 
     </span>
     <span class='ocr_line' id='line_1_4' title="bbox 477 1525 1399 1609; baseline 0.003 -21"><span class='ocrx_word' id='word_1_30' title='bbox 477 1531 665 1607; x_wconf 84' lang='lat' dir='ltr'>perpetuam</span> <span class='ocrx_word' id='word_1_31' title='bbox 680 1525 890 1588; x_wconf 79' lang='lat' dir='ltr'>elemosinam</span> <span class='ocrx_word' id='word_1_32' title='bbox 905 1546 963 1608; x_wconf 87' lang='lat' dir='ltr'>per</span> <span class='ocrx_word' id='word_1_33' title='bbox 978 1526 1147 1589; x_wconf 81' lang='lat' dir='ltr'>licenciam</span> <span class='ocrx_word' id='word_1_34' title='bbox 1162 1526 1287 1589; x_wconf 91' lang='lat' dir='ltr'>domini</span> <span class='ocrx_word' id='word_1_35' title='bbox 1302 1528 1399 1609; x_wconf 85' lang='lat' dir='ltr'>regis.</span> 
     </span>
    </p>
   </div>
   <div class='ocr_carea' id='block_1_3' title="bbox 477 1661 1975 1835">
    <p class='ocr_par' dir='ltr' id='par_1_3' title="bbox 477 1661 1975 1835">
     <span class='ocr_line' id='line_1_5' title="bbox 521 1661 1975 1746; baseline 0.002 -22"><span class='ocrx_word' id='word_1_36' title='bbox 521 1661 697 1746; x_wconf 84' lang='lat' dir='ltr'>Episcopus</span> <span class='ocrx_word' id='word_1_37' title='bbox 705 1662 925 1746; x_wconf 84' lang='lat' dir='ltr'>Noruycensis</span> <span class='ocrx_word' id='word_1_38' title='bbox 940 1668 1032 1726; x_wconf 85' lang='lat' dir='ltr'>tenet</span> <span class='ocrx_word' id='word_1_39' title='bbox 1042 1665 1224 1727; x_wconf 84' lang='lat' dir='ltr'>manerium</span> <span class='ocrx_word' id='word_1_40' title='bbox 1235 1663 1274 1727; x_wconf 91' lang='lat' dir='ltr'>de</span> <span class='ocrx_word' id='word_1_41' title='bbox 1285 1664 1489 1730; x_wconf 81' lang='lat' dir='ltr'>Buonsuoun</span> <span class='ocrx_word' id='word_1_42' title='bbox 1501 1664 1599 1727; x_wconf 88' lang='lat' dir='ltr'>simul</span> <span class='ocrx_word' id='word_1_43' title='bbox 1610 1684 1685 1726; x_wconf 92' lang='lat' dir='ltr'>cum</span> <span class='ocrx_word' id='word_1_44' title='bbox 1696 1664 1769 1727; x_wconf 86' lang='lat' dir='ltr'>aliis</span> <span class='ocrx_word' id='word_1_45' title='bbox 1780 1664 1975 1727; x_wconf 79' lang='lat' dir='ltr'>tenementis</span> 
     </span>
     <span class='ocr_line' id='line_1_6' title="bbox 477 1749 1628 1835; baseline 0.003 -23"><span class='ocrx_word' id='word_1_46' title='bbox 477 1749 544 1812; x_wconf 91' lang='lat' dir='ltr'>suis</span> <span class='ocrx_word' id='word_1_47' title='bbox 558 1749 599 1812; x_wconf 89' lang='lat' dir='ltr'>de</span> <span class='ocrx_word' id='word_1_48' title='bbox 613 1750 744 1813; x_wconf 83' lang='lat' dir='ltr'>heronis</span> <span class='ocrx_word' id='word_1_49' title='bbox 758 1770 816 1813; x_wconf 90' lang='lat' dir='ltr'>sua</span> <span class='ocrx_word' id='word_1_50' title='bbox 831 1750 872 1813; x_wconf 88' lang='lat' dir='ltr'>de</span> <span class='ocrx_word' id='word_1_51' title='bbox 888 1749 1018 1813; x_wconf 89' lang='lat' dir='ltr'>domino</span> <span class='ocrx_word' id='word_1_52' title='bbox 1033 1770 1108 1834; x_wconf 81' lang='lat' dir='ltr'>rege</span> <span class='ocrx_word' id='word_1_53' title='bbox 1123 1751 1177 1815; x_wconf 90' lang='lat' dir='ltr'>i.c.</span> <span class='ocrx_word' id='word_1_54' title='bbox 1193 1771 1250 1834; x_wconf 88' lang='lat' dir='ltr'>per</span> <span class='ocrx_word' id='word_1_55' title='bbox 1265 1756 1345 1835; x_wconf 92' lang='lat' dir='ltr'>quot</span> <span class='ocrx_word' id='word_1_56' title='bbox 1360 1752 1455 1815; x_wconf 87' lang='lat' dir='ltr'>feoda</span> <span class='ocrx_word' id='word_1_57' title='bbox 1469 1754 1628 1835; x_wconf 85' lang='lat' dir='ltr'>ignorant.</span> 
     </span>
    </p>
   </div>
   <div class='ocr_carea' id='block_1_4' title="bbox 474 1886 1974 2062">
    <p class='ocr_par' dir='ltr' id='par_1_4' title="bbox 474 1886 1974 2062">
     <span class='ocr_line' id='line_1_7' title="bbox 519 1886 1974 1955; baseline 0.001 -5"><span class='ocrx_word' id='word_1_58' title='bbox 519 1886 626 1951; x_wconf 83' lang='lat' dir='ltr'>Abbes</span> <span class='ocrx_word' id='word_1_59' title='bbox 648 1887 761 1952; x_wconf 85' lang='lat' dir='ltr'>Sancti</span> <span class='ocrx_word' id='word_1_60' title='bbox 786 1888 957 1954; x_wconf 86' lang='lat' dir='ltr'>Benedicti</span> <span class='ocrx_word' id='word_1_61' title='bbox 980 1889 1020 1952; x_wconf 94' lang='lat' dir='ltr'>de</span> <span class='ocrx_word' id='word_1_62' title='bbox 1043 1889 1168 1951; x_wconf 90' lang='lat' dir='ltr'>Hulmo</span> <span class='ocrx_word' id='word_1_63' title='bbox 1195 1894 1288 1953; x_wconf 88' lang='lat' dir='ltr'>tenet</span> <span class='ocrx_word' id='word_1_64' title='bbox 1312 1890 1495 1953; x_wconf 88' lang='lat' dir='ltr'>manerium</span> <span class='ocrx_word' id='word_1_65' title='bbox 1519 1889 1560 1953; x_wconf 89' lang='lat' dir='ltr'>ds</span> <span class='ocrx_word' id='word_1_66' title='bbox 1585 1888 1764 1955; x_wconf 80' lang='lat' dir='ltr'>Bssuwuou</span> <span class='ocrx_word' id='word_1_67' title='bbox 1787 1888 1885 1953; x_wconf 85' lang='lat' dir='ltr'>simul</span> <span class='ocrx_word' id='word_1_68' title='bbox 1899 1908 1974 1952; x_wconf 91' lang='lat' dir='ltr'>cum</span> 
     </span>
     <span class='ocr_line' id='line_1_8' title="bbox 474 1974 1924 2062; baseline 0.001 -24"><span class='ocrx_word' id='word_1_69' title='bbox 474 1974 547 2038; x_wconf 84' lang='lat' dir='ltr'>aliis</span> <span class='ocrx_word' id='word_1_70' title='bbox 561 1976 759 2039; x_wconf 81' lang='lat' dir='ltr'>tenementis</span> <span class='ocrx_word' id='word_1_71' title='bbox 773 1978 840 2039; x_wconf 91' lang='lat' dir='ltr'>suis</span> <span class='ocrx_word' id='word_1_72' title='bbox 854 1976 895 2040; x_wconf 91' lang='lat' dir='ltr'>de</span> <span class='ocrx_word' id='word_1_73' title='bbox 909 1977 1043 2041; x_wconf 85' lang='lat' dir='ltr'>baronia</span> <span class='ocrx_word' id='word_1_74' title='bbox 1058 1997 1115 2040; x_wconf 86' lang='lat' dir='ltr'>sua</span> <span class='ocrx_word' id='word_1_75' title='bbox 1130 1978 1169 2040; x_wconf 89' lang='lat' dir='ltr'>de</span> <span class='ocrx_word' id='word_1_76' title='bbox 1184 1977 1316 2040; x_wconf 93' lang='lat' dir='ltr'>domino</span> <span class='ocrx_word' id='word_1_77' title='bbox 1330 1998 1406 2062; x_wconf 90' lang='lat' dir='ltr'>rege</span> <span class='ocrx_word' id='word_1_78' title='bbox 1421 1979 1475 2042; x_wconf 89' lang='lat' dir='ltr'>i.c.</span> <span class='ocrx_word' id='word_1_79' title='bbox 1491 1997 1547 2060; x_wconf 89' lang='lat' dir='ltr'>per</span> <span class='ocrx_word' id='word_1_80' title='bbox 1562 1982 1642 2061; x_wconf 92' lang='lat' dir='ltr'>quot</span> <span class='ocrx_word' id='word_1_81' title='bbox 1656 1977 1748 2039; x_wconf 83' lang='lat' dir='ltr'>feoda</span> <span class='ocrx_word' id='word_1_82' title='bbox 1762 1976 1924 2059; x_wconf 85' lang='lat' dir='ltr'>ignorant.</span> 
     </span>
    </p>
   </div>
   <div class='ocr_carea' id='block_1_5' title="bbox 474 2111 1974 2372">
    <p class='ocr_par' dir='ltr' id='par_1_5' title="bbox 474 2111 1974 2372">
     <span class='ocr_line' id='line_1_9' title="bbox 519 2111 1974 2199; baseline 0 -25"><span class='ocrx_word' id='word_1_83' title='bbox 519 2111 612 2175; x_wconf 87' lang='lat' dir='ltr'>Prior</span> <span class='ocrx_word' id='word_1_84' title='bbox 642 2113 682 2175; x_wconf 90' lang='lat' dir='ltr'>de</span> <span class='ocrx_word' id='word_1_85' title='bbox 713 2111 853 2176; x_wconf 88' lang='lat' dir='ltr'>Bestone</span> <span class='ocrx_word' id='word_1_86' title='bbox 886 2114 920 2177; x_wconf 92' lang='lat' dir='ltr'>in</span> <span class='ocrx_word' id='word_1_87' title='bbox 952 2114 1167 2179; x_wconf 79' lang='lat' dir='ltr'>Bruunwnru</span> <span class='ocrx_word' id='word_1_88' title='bbox 1199 2118 1233 2176; x_wconf 86' lang='lat' dir='ltr'>et</span> <span class='ocrx_word' id='word_1_89' title='bbox 1267 2118 1415 2177; x_wconf 87' lang='lat' dir='ltr'>tenentes</span> <span class='ocrx_word' id='word_1_90' title='bbox 1445 2118 1603 2177; x_wconf 88' lang='lat' dir='ltr'>terrarum</span> <span class='ocrx_word' id='word_1_91' title='bbox 1636 2112 1798 2199; x_wconf 86' lang='lat' dir='ltr'>quondam</span> <span class='ocrx_word' id='word_1_92' title='bbox 1830 2111 1974 2176; x_wconf 82' lang='lat' dir='ltr'>Gelfridi</span> 
     </span>
     <span class='ocr_line' id='line_1_10' title="bbox 474 2198 1974 2372; baseline 0 -111"><span class='ocrx_word' id='word_1_93' title='bbox 474 2198 606 2372; x_wconf 56' lang='lat' dir='ltr'>I(peoruirurfr</span> <span class='ocrx_word' id='word_1_94' title='bbox 621 2200 659 2349; x_wconf 69' lang='lat' dir='ltr'>irh</span> <span class='ocrx_word' id='word_1_95' title='bbox 672 2200 906 2267; x_wconf 78' lang='lat' dir='ltr'>Wscrssuescu</span> <span class='ocrx_word' id='word_1_96' title='bbox 921 2204 1037 2265; x_wconf 88' lang='lat' dir='ltr'>tenent</span> <span class='ocrx_word' id='word_1_97' title='bbox 1050 2206 1241 2265; x_wconf 85' lang='lat' dir='ltr'>tenementa</span> <span class='ocrx_word' id='word_1_98' title='bbox 1257 2221 1315 2264; x_wconf 85' lang='lat' dir='ltr'>sua</span> <span class='ocrx_word' id='word_1_99' title='bbox 1337 2200 1376 2263; x_wconf 91' lang='lat' dir='ltr'>de</span> <span class='ocrx_word' id='word_1_100' title='bbox 1398 2200 1529 2265; x_wconf 92' lang='lat' dir='ltr'>domino</span> <span class='ocrx_word' id='word_1_101' title='bbox 1545 2200 1710 2263; x_wconf 89' lang='lat' dir='ltr'>Willelmo</span> <span class='ocrx_word' id='word_1_102' title='bbox 1724 2200 1755 2263; x_wconf 94' lang='lat' dir='ltr'>le</span> <span class='ocrx_word' id='word_1_103' title='bbox 1781 2198 1974 2263; x_wconf 85' lang='lat' dir='ltr'>Mareschall</span> 
     </span>
    </p>
   </div>
   <div class='ocr_carea' id='block_1_6' title="bbox 474 2388 2050 2569">
    <p class='ocr_par' dir='ltr' id='par_1_6' title="bbox 474 2388 2050 2569">
     <span class='ocr_line' id='line_1_11' title="bbox 515 2388 2050 2548; baseline 0.001 -88"><span class='ocrx_word' id='word_1_104' title='bbox 515 2398 674 2548; x_wconf 63' lang='lat' dir='ltr'>meifnus</span> <span class='ocrx_word' id='word_1_105' title='bbox 690 2399 806 2482; x_wconf 84' lang='lat' dir='ltr'>Guydo</span> <span class='ocrx_word' id='word_1_106' title='bbox 821 2399 996 2464; x_wconf 87' lang='lat' dir='ltr'>Butteturt</span> <span class='ocrx_word' id='word_1_107' title='bbox 1010 2406 1102 2464; x_wconf 90' lang='lat' dir='ltr'>tenet</span> <span class='ocrx_word' id='word_1_108' title='bbox 1117 2402 1297 2464; x_wconf 88' lang='lat' dir='ltr'>manerium</span> <span class='ocrx_word' id='word_1_109' title='bbox 1312 2401 1351 2463; x_wconf 95' lang='lat' dir='ltr'>de</span> <span class='ocrx_word' id='word_1_110' title='bbox 1367 2400 1479 2467; x_wconf 80' lang='lat' dir='ltr'>Uerou</span> <span class='ocrx_word' id='word_1_111' title='bbox 1496 2400 1536 2464; x_wconf 91' lang='lat' dir='ltr'>ds</span> <span class='ocrx_word' id='word_1_112' title='bbox 1552 2400 1684 2464; x_wconf 92' lang='lat' dir='ltr'>domino</span> <span class='ocrx_word' id='word_1_113' title='bbox 1699 2398 1858 2483; x_wconf 84' lang='lat' dir='ltr'>Guydcne</span> <span class='ocrx_word' id='word_1_114' title='bbox 1876 2397 1972 2462; x_wconf 79' lang='lat' dir='ltr'>Ferre</span> <span class='ocrx_word' id='word_1_115' title='bbox 2048 2388 2050 2391; x_wconf 61' lang='grc'><strong>’</strong></span> 
     </span>
     <span class='ocr_line' id='line_1_12' title="bbox 474 2506 689 2569; baseline 0.009 -21"><span class='ocrx_word' id='word_1_116' title='bbox 474 2506 531 2569; x_wconf 92' lang='lat' dir='ltr'>per</span> <span class='ocrx_word' id='word_1_117' title='bbox 567 2506 589 2550; x_wconf 90' lang='lat'>1.</span> <span class='ocrx_word' id='word_1_118' title='bbox 620 2506 689 2550; x_wconf 89' lang='lat' dir='ltr'>.m.</span> 
     </span>
    </p>
   </div>
   <div class='ocr_carea' id='block_1_7' title="bbox 473 2596 1971 2857">
    <p class='ocr_par' dir='ltr' id='par_1_7' title="bbox 473 2596 1971 2857">
     <span class='ocr_line' id='line_1_13' title="bbox 516 2596 1971 2685; baseline 0.001 -24"><span class='ocrx_word' id='word_1_119' title='bbox 516 2597 715 2682; x_wconf 82' lang='lat' dir='ltr'>Reginaldus</span> <span class='ocrx_word' id='word_1_120' title='bbox 729 2598 770 2661; x_wconf 89' lang='lat' dir='ltr'>de</span> <span class='ocrx_word' id='word_1_121' title='bbox 785 2596 938 2661; x_wconf 88' lang='lat' dir='ltr'>Dunham</span> <span class='ocrx_word' id='word_1_122' title='bbox 954 2604 987 2662; x_wconf 91' lang='lat' dir='ltr'>et</span> <span class='ocrx_word' id='word_1_123' title='bbox 1001 2599 1059 2663; x_wconf 85' lang='lat' dir='ltr'>aiii</span> <span class='ocrx_word' id='word_1_124' title='bbox 1073 2605 1223 2664; x_wconf 87' lang='lat' dir='ltr'>tenentes</span> <span class='ocrx_word' id='word_1_125' title='bbox 1237 2605 1395 2664; x_wconf 86' lang='lat' dir='ltr'>terrerum</span> <span class='ocrx_word' id='word_1_126' title='bbox 1411 2599 1573 2685; x_wconf 83' lang='lat' dir='ltr'>quondam</span> <span class='ocrx_word' id='word_1_127' title='bbox 1587 2597 1608 2660; x_wconf 91' lang='lat' dir='ltr'>J</span> <span class='ocrx_word' id='word_1_128' title='bbox 1610 2596 1745 2661; x_wconf 90' lang='lat' dir='ltr'>ohannis</span> <span class='ocrx_word' id='word_1_129' title='bbox 1767 2598 1798 2661; x_wconf 86' lang='lat' dir='ltr'>ln</span> <span class='ocrx_word' id='word_1_130' title='bbox 1812 2597 1914 2681; x_wconf 84' lang='lat' dir='ltr'>Velys</span> <span class='ocrx_word' id='word_1_131' title='bbox 1935 2599 1971 2662; x_wconf 90' lang='lat' dir='ltr'>in</span> 
     </span>
     <span class='ocr_line' id='line_1_14' title="bbox 473 2684 1971 2857; baseline 0 -110"><span class='ocrx_word' id='word_1_132' title='bbox 473 2684 603 2857; x_wconf 53' lang='lat' dir='ltr'>jFyfsslqpe</span> <span class='ocrx_word' id='word_1_133' title='bbox 626 2690 743 2749; x_wconf 90' lang='lat' dir='ltr'>tenent</span> <span class='ocrx_word' id='word_1_134' title='bbox 767 2687 950 2749; x_wconf 90' lang='lat' dir='ltr'>manerium</span> <span class='ocrx_word' id='word_1_135' title='bbox 972 2687 1013 2749; x_wconf 89' lang='lat' dir='ltr'>de</span> <span class='ocrx_word' id='word_1_136' title='bbox 1038 2687 1189 2754; x_wconf 80' lang='lat' dir='ltr'>Fussunn</span> <span class='ocrx_word' id='word_1_137' title='bbox 1214 2687 1256 2751; x_wconf 93' lang='lat' dir='ltr'>de</span> <span class='ocrx_word' id='word_1_138' title='bbox 1281 2686 1412 2749; x_wconf 92' lang='lat' dir='ltr'>domino</span> <span class='ocrx_word' id='word_1_139' title='bbox 1437 2706 1512 2770; x_wconf 86' lang='lat' dir='ltr'>rege</span> <span class='ocrx_word' id='word_1_140' title='bbox 1528 2686 1564 2748; x_wconf 91' lang='lat' dir='ltr'>in</span> <span class='ocrx_word' id='word_1_141' title='bbox 1579 2686 1686 2768; x_wconf 82' lang='lat' dir='ltr'>capite</span> <span class='ocrx_word' id='word_1_142' title='bbox 1701 2706 1757 2770; x_wconf 90' lang='lat' dir='ltr'>per</span> <span class='ocrx_word' id='word_1_143' title='bbox 1772 2686 1971 2770; x_wconf 79' lang='lat' dir='ltr'>quarterium</span> 
     </span>
    </p>
   </div>
   <div class='ocr_carea' id='block_1_8' title="bbox 472 2882 1970 3054">
    <p class='ocr_par' dir='ltr' id='par_1_8' title="bbox 472 2882 1970 3054">
     <span class='ocr_line' id='line_1_15' title="bbox 516 2882 1970 3034; baseline 0.001 -89"><span class='ocrx_word' id='word_1_144' title='bbox 516 2883 699 3034; x_wconf 52' lang='lat' dir='ltr'>Vpiihplmus</span> <span class='ocrx_word' id='word_1_145' title='bbox 712 2883 753 2947; x_wconf 92' lang='lat' dir='ltr'>de</span> <span class='ocrx_word' id='word_1_146' title='bbox 768 2884 914 2949; x_wconf 84' lang='lat' dir='ltr'>Redham</span> <span class='ocrx_word' id='word_1_147' title='bbox 930 2888 1023 2950; x_wconf 90' lang='lat' dir='ltr'>tenet</span> <span class='ocrx_word' id='word_1_148' title='bbox 1038 2888 1219 2949; x_wconf 84' lang='lat' dir='ltr'>manerium</span> <span class='ocrx_word' id='word_1_149' title='bbox 1234 2887 1273 2949; x_wconf 92' lang='lat' dir='ltr'>de</span> <span class='ocrx_word' id='word_1_150' title='bbox 1288 2886 1434 2951; x_wconf 74' lang='lat' dir='ltr'>Rsnnsu</span> <span class='ocrx_word' id='word_1_151' title='bbox 1448 2886 1489 2949; x_wconf 89' lang='lat' dir='ltr'>de</span> <span class='ocrx_word' id='word_1_152' title='bbox 1500 2885 1633 2948; x_wconf 90' lang='lat' dir='ltr'>domino</span> <span class='ocrx_word' id='word_1_153' title='bbox 1652 2883 1818 2948; x_wconf 88' lang='lat' dir='ltr'>Willclmo</span> <span class='ocrx_word' id='word_1_154' title='bbox 1844 2884 1884 2947; x_wconf 92' lang='lat' dir='ltr'>de</span> <span class='ocrx_word' id='word_1_155' title='bbox 1908 2882 1970 2968; x_wconf 82' lang='lat' dir='ltr'>Say</span> 
     </span>
     <span class='ocr_line' id='line_1_16' title="bbox 472 2991 685 3054; baseline 0.009 -21"><span class='ocrx_word' id='word_1_156' title='bbox 472 2992 527 3054; x_wconf 89' lang='lat' dir='ltr'>per</span> <span class='ocrx_word' id='word_1_157' title='bbox 563 2992 584 3037; x_wconf 89' lang='lat'>1.</span> <span class='ocrx_word' id='word_1_158' title='bbox 615 2991 685 3035; x_wconf 89' lang='lat' dir='ltr'>.m.</span> 
     </span>
    </p>
   </div>
   <div class='ocr_carea' id='block_1_9' title="bbox 471 3081 1992 3631">
    <p class='ocr_par' dir='ltr' id='par_1_9' title="bbox 472 3081 1992 3344">
     <span class='ocr_line' id='line_1_17' title="bbox 515 3081 1970 3169; baseline 0.001 -24"><span class='ocrx_word' id='word_1_159' title='bbox 515 3083 618 3147; x_wconf 83' lang='lat' dir='ltr'>Adam</span> <span class='ocrx_word' id='word_1_160' title='bbox 635 3084 675 3147; x_wconf 89' lang='lat' dir='ltr'>de</span> <span class='ocrx_word' id='word_1_161' title='bbox 690 3083 846 3147; x_wconf 83' lang='lat' dir='ltr'>Tunstale</span> <span class='ocrx_word' id='word_1_162' title='bbox 861 3090 894 3147; x_wconf 96' lang='lat' dir='ltr'>et</span> <span class='ocrx_word' id='word_1_163' title='bbox 909 3084 967 3147; x_wconf 87' lang='lat' dir='ltr'>alii</span> <span class='ocrx_word' id='word_1_164' title='bbox 982 3089 1134 3147; x_wconf 90' lang='lat' dir='ltr'>tenentes</span> <span class='ocrx_word' id='word_1_165' title='bbox 1148 3089 1306 3148; x_wconf 80' lang='lat' dir='ltr'>terrarum</span> <span class='ocrx_word' id='word_1_166' title='bbox 1321 3084 1483 3169; x_wconf 83' lang='lat' dir='ltr'>quondam</span> <span class='ocrx_word' id='word_1_167' title='bbox 1509 3081 1667 3147; x_wconf 89' lang='lat' dir='ltr'>Johannis</span> <span class='ocrx_word' id='word_1_168' title='bbox 1691 3082 1731 3145; x_wconf 90' lang='lat' dir='ltr'>de</span> <span class='ocrx_word' id='word_1_169' title='bbox 1755 3083 1911 3146; x_wconf 85' lang='lat' dir='ltr'>Tunstale</span> <span class='ocrx_word' id='word_1_170' title='bbox 1933 3082 1970 3145; x_wconf 92' lang='lat' dir='ltr'>in</span> 
     </span>
     <span class='ocr_line' id='line_1_18' title="bbox 472 3168 1971 3254; baseline 0 -21"><span class='ocrx_word' id='word_1_171' title='bbox 472 3168 637 3234; x_wconf 91' lang='lat' dir='ltr'>hundredo</span> <span class='ocrx_word' id='word_1_172' title='bbox 661 3172 702 3235; x_wconf 91' lang='lat' dir='ltr'>de</span> <span class='ocrx_word' id='word_1_173' title='bbox 726 3170 891 3234; x_wconf 88' lang='lat' dir='ltr'>Walsham</span> <span class='ocrx_word' id='word_1_174' title='bbox 915 3177 1030 3235; x_wconf 90' lang='lat' dir='ltr'>tenent</span> <span class='ocrx_word' id='word_1_175' title='bbox 1055 3178 1245 3235; x_wconf 83' lang='lat' dir='ltr'>tenementa</span> <span class='ocrx_word' id='word_1_176' title='bbox 1261 3192 1317 3235; x_wconf 90' lang='lat' dir='ltr'>sua</span> <span class='ocrx_word' id='word_1_177' title='bbox 1341 3172 1380 3235; x_wconf 92' lang='lat' dir='ltr'>de</span> <span class='ocrx_word' id='word_1_178' title='bbox 1399 3172 1530 3235; x_wconf 94' lang='lat' dir='ltr'>domino</span> <span class='ocrx_word' id='word_1_179' title='bbox 1552 3170 1692 3235; x_wconf 90' lang='lat' dir='ltr'>Roberto</span> <span class='ocrx_word' id='word_1_180' title='bbox 1705 3170 1744 3233; x_wconf 91' lang='lat' dir='ltr'>de</span> <span class='ocrx_word' id='word_1_181' title='bbox 1760 3168 1897 3234; x_wconf 85' lang='lat' dir='ltr'>Castone.</span> <span class='ocrx_word' id='word_1_182' title='bbox 1913 3191 1971 3254; x_wconf 89' lang='lat' dir='ltr'>per</span> 
     </span>
     <span class='ocr_line' id='line_1_19' title="bbox 473 3257 1992 3344; baseline 0 -23"><span class='ocrx_word' id='word_1_183' title='bbox 473 3259 671 3342; x_wconf 80' lang='lat' dir='ltr'>quarterium</span> <span class='ocrx_word' id='word_1_184' title='bbox 685 3258 711 3344; x_wconf 82' lang='lat' dir='ltr'>j.</span> <span class='ocrx_word' id='word_1_185' title='bbox 728 3257 752 3323; x_wconf 86' lang='lat' dir='ltr'>f.</span> <span class='ocrx_word' id='word_1_186' title='bbox 768 3278 812 3321; x_wconf 92' lang='lat' dir='ltr'>m.</span> <span class='ocrx_word' id='word_1_187' title='bbox 1990 3270 1992 3273; x_wconf 82' lang='grc'><strong>’</strong></span> 
     </span>
    </p>

    <p class='ocr_par' dir='ltr' id='par_1_10' title="bbox 471 3369 1971 3631">
     <span class='ocr_line' id='line_1_20' title="bbox 515 3369 1971 3456; baseline 0.004 -27"><span class='ocrx_word' id='word_1_188' title='bbox 515 3369 698 3433; x_wconf 87' lang='lat' dir='ltr'>Willelmus</span> <span class='ocrx_word' id='word_1_189' title='bbox 723 3369 873 3448; x_wconf 83' lang='lat' dir='ltr'>Freman,</span> <span class='ocrx_word' id='word_1_190' title='bbox 888 3371 943 3456; x_wconf 94' lang='lat' dir='ltr'>qui</span> <span class='ocrx_word' id='word_1_191' title='bbox 960 3375 1051 3433; x_wconf 88' lang='lat' dir='ltr'>tenet</span> <span class='ocrx_word' id='word_1_192' title='bbox 1066 3372 1107 3433; x_wconf 94' lang='lat' dir='ltr'>de</span> <span class='ocrx_word' id='word_1_193' title='bbox 1121 3371 1254 3433; x_wconf 91' lang='lat' dir='ltr'>domino</span> <span class='ocrx_word' id='word_1_194' title='bbox 1269 3370 1410 3434; x_wconf 90' lang='lat' dir='ltr'>Roherto</span> <span class='ocrx_word' id='word_1_195' title='bbox 1426 3371 1466 3434; x_wconf 90' lang='lat' dir='ltr'>de</span> <span class='ocrx_word' id='word_1_196' title='bbox 1482 3369 1629 3447; x_wconf 78' lang='lat' dir='ltr'>Centone,</span> <span class='ocrx_word' id='word_1_197' title='bbox 1644 3369 1790 3454; x_wconf 88' lang='lat' dir='ltr'>Rogerus</span> <span class='ocrx_word' id='word_1_198' title='bbox 1805 3370 1920 3454; x_wconf 83' lang='lat' dir='ltr'>Allycd</span> <span class='ocrx_word' id='word_1_199' title='bbox 1935 3373 1971 3435; x_wconf 90' lang='lat' dir='ltr'>et</span> 
     </span>
     <span class='ocr_line' id='line_1_21' title="bbox 471 3456 1971 3544; baseline 0.001 -25"><span class='ocrx_word' id='word_1_200' title='bbox 471 3461 619 3520; x_wconf 85' lang='lat' dir='ltr'>tenentes</span> <span class='ocrx_word' id='word_1_201' title='bbox 634 3463 791 3521; x_wconf 88' lang='lat' dir='ltr'>terrarum</span> <span class='ocrx_word' id='word_1_202' title='bbox 807 3457 949 3521; x_wconf 88' lang='lat' dir='ltr'>Huberti</span> <span class='ocrx_word' id='word_1_203' title='bbox 973 3458 1130 3542; x_wconf 85' lang='lat' dir='ltr'>Reynald,</span> <span class='ocrx_word' id='word_1_204' title='bbox 1155 3459 1211 3544; x_wconf 92' lang='lat' dir='ltr'>qui</span> <span class='ocrx_word' id='word_1_205' title='bbox 1235 3462 1350 3521; x_wconf 91' lang='lat' dir='ltr'>tenent</span> <span class='ocrx_word' id='word_1_206' title='bbox 1365 3458 1415 3520; x_wconf 67' lang='lat' dir='ltr'>,de</span> <span class='ocrx_word' id='word_1_207' title='bbox 1441 3457 1581 3521; x_wconf 80' lang='lat' dir='ltr'>Robertc</span> <span class='ocrx_word' id='word_1_208' title='bbox 1606 3457 1647 3520; x_wconf 90' lang='lat' dir='ltr'>de</span> <span class='ocrx_word' id='word_1_209' title='bbox 1664 3456 1829 3537; x_wconf 86' lang='lat' dir='ltr'>Moutone,</span> <span class='ocrx_word' id='word_1_210' title='bbox 1844 3462 1971 3537; x_wconf 88' lang='lat' dir='ltr'>tenent,</span> 
     </span>
     <span class='ocr_line' id='line_1_22' title="bbox 471 3545 1468 3631; baseline 0.002 -23"><span class='ocrx_word' id='word_1_211' title='bbox 471 3550 657 3609; x_wconf 84' lang='lat' dir='ltr'>tenementa</span> <span class='ocrx_word' id='word_1_212' title='bbox 672 3566 731 3609; x_wconf 83' lang='lat' dir='ltr'>sus</span> <span class='ocrx_word' id='word_1_213' title='bbox 744 3546 781 3609; x_wconf 90' lang='lat' dir='ltr'>in</span> <span class='ocrx_word' id='word_1_214' title='bbox 797 3545 963 3613; x_wconf 82' lang='lat' dir='ltr'>Mourorur</span> <span class='ocrx_word' id='word_1_215' title='bbox 978 3567 1034 3629; x_wconf 90' lang='lat' dir='ltr'>per</span> <span class='ocrx_word' id='word_1_216' title='bbox 1048 3547 1185 3609; x_wconf 81' lang='lat' dir='ltr'>terciam</span> <span class='ocrx_word' id='word_1_217' title='bbox 1198 3551 1327 3629; x_wconf 83' lang='lat' dir='ltr'>partem</span> <span class='ocrx_word' id='word_1_218' title='bbox 1342 3545 1366 3631; x_wconf 86' lang='lat' dir='ltr'>j.</span> <span class='ocrx_word' id='word_1_219' title='bbox 1383 3545 1406 3609; x_wconf 85' lang='lat' dir='ltr'>t.</span> <span class='ocrx_word' id='word_1_220' title='bbox 1424 3566 1468 3610; x_wconf 91' lang='lat' dir='ltr'>m.</span> 
     </span>
    </p>
   </div>
   <div class='ocr_carea' id='block_1_10' title="bbox 470 3678 1969 3856">
    <p class='ocr_par' dir='ltr' id='par_1_11' title="bbox 470 3678 1969 3856">
     <span class='ocr_line' id='line_1_23' title="bbox 514 3678 1969 3749; baseline 0 -3"><span class='ocrx_word' id='word_1_221' title='bbox 514 3683 673 3746; x_wconf 87' lang='lat' dir='ltr'>Robertus</span> <span class='ocrx_word' id='word_1_222' title='bbox 687 3684 728 3746; x_wconf 93' lang='lat' dir='ltr'>de</span> <span class='ocrx_word' id='word_1_223' title='bbox 742 3683 899 3747; x_wconf 89' lang='lat' dir='ltr'>Moutone</span> <span class='ocrx_word' id='word_1_224' title='bbox 912 3690 1003 3748; x_wconf 92' lang='lat' dir='ltr'>tenet</span> <span class='ocrx_word' id='word_1_225' title='bbox 1019 3688 1242 3748; x_wconf 85' lang='lat' dir='ltr'>tenementum</span> <span class='ocrx_word' id='word_1_226' title='bbox 1258 3683 1402 3747; x_wconf 90' lang='lat' dir='ltr'>suumin</span> <span class='ocrx_word' id='word_1_227' title='bbox 1418 3683 1583 3749; x_wconf 81' lang='lat' dir='ltr'>Mouuoun</span> <span class='ocrx_word' id='word_1_228' title='bbox 1610 3682 1650 3745; x_wconf 90' lang='lat' dir='ltr'>de</span> <span class='ocrx_word' id='word_1_229' title='bbox 1665 3681 1798 3745; x_wconf 91' lang='lat' dir='ltr'>domino</span> <span class='ocrx_word' id='word_1_230' title='bbox 1813 3678 1969 3747; x_wconf 76' lang='lat' dir='ltr'>Ni&#39;choleo</span> 
     </span>
     <span class='ocr_line' id='line_1_24' title="bbox 470 3769 1130 3856; baseline 0.005 -23"><span class='ocrx_word' id='word_1_231' title='bbox 470 3770 510 3833; x_wconf 93' lang='lat' dir='ltr'>de</span> <span class='ocrx_word' id='word_1_232' title='bbox 525 3769 706 3834; x_wconf 75' lang='lat' dir='ltr'>Suadesete</span> <span class='ocrx_word' id='word_1_233' title='bbox 720 3790 778 3853; x_wconf 87' lang='lat' dir='ltr'>per</span> <span class='ocrx_word' id='word_1_234' title='bbox 792 3774 989 3855; x_wconf 82' lang='lat' dir='ltr'>quarterium</span> <span class='ocrx_word' id='word_1_235' title='bbox 1005 3771 1028 3856; x_wconf 83' lang='lat' dir='ltr'>j.</span> <span class='ocrx_word' id='word_1_236' title='bbox 1044 3772 1067 3836; x_wconf 85' lang='lat' dir='ltr'>t.</span> <span class='ocrx_word' id='word_1_237' title='bbox 1085 3792 1130 3836; x_wconf 89' lang='lat' dir='ltr'>m.</span> 
     </span>
    </p>
   </div>
   <div class='ocr_carea' id='block_1_11' title="bbox 470 3893 1968 4080">
    <p class='ocr_par' dir='ltr' id='par_1_12' title="bbox 470 3893 1968 4080">
     <span class='ocr_line' id='line_1_25' title="bbox 513 3893 1968 3990; baseline 0.003 -24"><span class='ocrx_word' id='word_1_238' title='bbox 513 3906 697 3970; x_wconf 85' lang='lat' dir='ltr'>Willelmns</span> <span class='ocrx_word' id='word_1_239' title='bbox 711 3893 751 3970; x_wconf 80' lang='lat' dir='ltr'>de</span> <span class='ocrx_word' id='word_1_240' title='bbox 766 3907 944 3990; x_wconf 89' lang='lat' dir='ltr'>Lyncolnia</span> <span class='ocrx_word' id='word_1_241' title='bbox 959 3913 994 3971; x_wconf 88' lang='lat' dir='ltr'>st</span> <span class='ocrx_word' id='word_1_242' title='bbox 1009 3913 1158 3972; x_wconf 87' lang='lat' dir='ltr'>tenentes</span> <span class='ocrx_word' id='word_1_243' title='bbox 1172 3907 1225 3970; x_wconf 89' lang='lat' dir='ltr'>sui</span> <span class='ocrx_word' id='word_1_244' title='bbox 1239 3907 1275 3969; x_wconf 94' lang='lat' dir='ltr'>in</span> <span class='ocrx_word' id='word_1_245' title='bbox 1291 3907 1475 3973; x_wconf 80' lang='lat' dir='ltr'>Bnerrsrou</span> <span class='ocrx_word' id='word_1_246' title='bbox 1498 3909 1612 3969; x_wconf 88' lang='lat' dir='ltr'>tenent</span> <span class='ocrx_word' id='word_1_247' title='bbox 1634 3909 1821 3970; x_wconf 86' lang='lat' dir='ltr'>tenementa</span> <span class='ocrx_word' id='word_1_248' title='bbox 1847 3926 1905 3969; x_wconf 91' lang='lat' dir='ltr'>sua</span> <span class='ocrx_word' id='word_1_249' title='bbox 1928 3907 1968 3971; x_wconf 90' lang='lat' dir='ltr'>de</span> 
     </span>
     <span class='ocr_line' id='line_1_26' title="bbox 470 3993 1367 4080; baseline 0.002 -24"><span class='ocrx_word' id='word_1_250' title='bbox 470 3993 600 4057; x_wconf 91' lang='lat' dir='ltr'>domino</span> <span class='ocrx_word' id='word_1_251' title='bbox 615 3994 782 4057; x_wconf 89' lang='lat' dir='ltr'>Willelmo</span> <span class='ocrx_word' id='word_1_252' title='bbox 797 3995 836 4057; x_wconf 93' lang='lat' dir='ltr'>de</span> <span class='ocrx_word' id='word_1_253' title='bbox 851 3995 1010 4079; x_wconf 88' lang='lat' dir='ltr'>Aumbely</span> <span class='ocrx_word' id='word_1_254' title='bbox 1025 3997 1229 4080; x_wconf 75' lang='lat' dir='ltr'>quarterium</span> <span class='ocrx_word' id='word_1_255' title='bbox 1241 3994 1267 4078; x_wconf 92' lang='lat' dir='ltr'>j.</span> <span class='ocrx_word' id='word_1_256' title='bbox 1283 3993 1307 4059; x_wconf 84' lang='lat' dir='ltr'>f.</span> <span class='ocrx_word' id='word_1_257' title='bbox 1324 4015 1367 4058; x_wconf 92' lang='lat' dir='ltr'>m.</span> 
     </span>
    </p>
   </div>
   <div class='ocr_carea' id='block_1_12' title="bbox 468 4091 1967 4305">
    <p class='ocr_par' dir='ltr' id='par_1_13' title="bbox 468 4091 1967 4305">
     <span class='ocr_line' id='line_1_27' title="bbox 518 4091 1967 4216; baseline 0.002 -23"><span class='ocrx_word' id='word_1_258' title='bbox 518 4128 695 4216; x_wconf 84' lang='lat' dir='ltr'>[Tenentes</span> <span class='ocrx_word' id='word_1_259' title='bbox 720 4135 877 4194; x_wconf 86' lang='lat' dir='ltr'>terrarum</span> <span class='ocrx_word' id='word_1_260' title='bbox 901 4132 1066 4216; x_wconf 87' lang='lat' dir='ltr'>quondam</span> <span class='ocrx_word' id='word_1_261' title='bbox 1083 4131 1239 4196; x_wconf 83' lang='lat' dir='ltr'>Willslmi</span> <span class='ocrx_word' id='word_1_262' title='bbox 1263 4131 1303 4194; x_wconf 92' lang='lat' dir='ltr'>de</span> <span class='ocrx_word' id='word_1_263' title='bbox 1327 4128 1554 4214; x_wconf 82' lang='lat' dir='ltr'>Thymeworth</span> <span class='ocrx_word' id='word_1_264' title='bbox 1571 4131 1605 4193; x_wconf 93' lang='lat' dir='ltr'>in</span> <span class='ocrx_word' id='word_1_265' title='bbox 1621 4091 1841 4198; x_wconf 74' lang='lat' dir='ltr'>Pmnssrom</span> <span class='ocrx_word' id='word_1_266' title='bbox 1854 4135 1967 4196; x_wconf 89' lang='lat' dir='ltr'>tenent</span> 
     </span>
     <span class='ocr_line' id='line_1_28' title="bbox 468 4217 1597 4305; baseline 0.003 -24"><span class='ocrx_word' id='word_1_267' title='bbox 468 4222 657 4282; x_wconf 86' lang='lat' dir='ltr'>tenementa</span> <span class='ocrx_word' id='word_1_268' title='bbox 672 4239 729 4282; x_wconf 89' lang='lat' dir='ltr'>sua</span> <span class='ocrx_word' id='word_1_269' title='bbox 744 4219 783 4281; x_wconf 93' lang='lat' dir='ltr'>de</span> <span class='ocrx_word' id='word_1_270' title='bbox 800 4218 963 4282; x_wconf 89' lang='lat' dir='ltr'>Willelmo</span> <span class='ocrx_word' id='word_1_271' title='bbox 978 4218 1018 4283; x_wconf 95' lang='lat' dir='ltr'>de</span> <span class='ocrx_word' id='word_1_272' title='bbox 1032 4217 1172 4283; x_wconf 81' lang='lat' dir='ltr'>Onckele</span> <span class='ocrx_word' id='word_1_273' title='bbox 1186 4239 1243 4302; x_wconf 91' lang='lat' dir='ltr'>per</span> <span class='ocrx_word' id='word_1_274' title='bbox 1258 4219 1460 4305; x_wconf 86' lang='lat' dir='ltr'>quarterium</span> <span class='ocrx_word' id='word_1_275' title='bbox 1475 4217 1499 4303; x_wconf 87' lang='lat' dir='ltr'>j.</span> <span class='ocrx_word' id='word_1_276' title='bbox 1515 4218 1537 4283; x_wconf 88' lang='lat' dir='ltr'>f.</span> <span class='ocrx_word' id='word_1_277' title='bbox 1552 4237 1597 4284; x_wconf 91' lang='lat' dir='ltr'>m.</span> 
     </span>
    </p>
   </div>
   <div class='ocr_carea' id='block_1_13' title="bbox 468 4354 1967 4616">
    <p class='ocr_par' dir='ltr' id='par_1_14' title="bbox 468 4354 1967 4616">
     <span class='ocr_line' id='line_1_29' title="bbox 511 4354 1967 4441; baseline 0.001 -23"><span class='ocrx_word' id='word_1_278' title='bbox 511 4355 554 4418; x_wconf 87' lang='lat' dir='ltr'>Et</span> <span class='ocrx_word' id='word_1_279' title='bbox 570 4357 708 4440; x_wconf 86' lang='lat' dir='ltr'>predicti</span> <span class='ocrx_word' id='word_1_280' title='bbox 722 4356 884 4441; x_wconf 84' lang='lat' dir='ltr'>juratores</span> <span class='ocrx_word' id='word_1_281' title='bbox 898 4356 1013 4419; x_wconf 90' lang='lat' dir='ltr'>dicunt</span> <span class='ocrx_word' id='word_1_282' title='bbox 1028 4357 1113 4441; x_wconf 94' lang='lat' dir='ltr'>quod</span> <span class='ocrx_word' id='word_1_283' title='bbox 1129 4357 1170 4420; x_wconf 92' lang='lat' dir='ltr'>de</span> <span class='ocrx_word' id='word_1_284' title='bbox 1193 4356 1294 4419; x_wconf 81' lang='lat' dir='ltr'>feodis</span> <span class='ocrx_word' id='word_1_285' title='bbox 1316 4355 1461 4418; x_wconf 92' lang='lat' dir='ltr'>militum</span> <span class='ocrx_word' id='word_1_286' title='bbox 1489 4354 1530 4418; x_wconf 91' lang='lat' dir='ltr'>ad</span> <span class='ocrx_word' id='word_1_287' title='bbox 1556 4375 1686 4438; x_wconf 88' lang='lat' dir='ltr'>presens</span> <span class='ocrx_word' id='word_1_288' title='bbox 1709 4356 1782 4438; x_wconf 89' lang='lat' dir='ltr'>plus</span> <span class='ocrx_word' id='word_1_289' title='bbox 1806 4356 1967 4441; x_wconf 90' lang='lat' dir='ltr'>inquirere</span> 
     </span>
     <span class='ocr_line' id='line_1_30' title="bbox 468 4442 1967 4530; baseline 0.001 -24"><span class='ocrx_word' id='word_1_290' title='bbox 468 4463 532 4506; x_wconf 90' lang='lat' dir='ltr'>non</span> <span class='ocrx_word' id='word_1_291' title='bbox 547 4449 682 4526; x_wconf 77' lang='lat' dir='ltr'>possunt</span> <span class='ocrx_word' id='word_1_292' title='bbox 698 4442 754 4506; x_wconf 91' lang='lat' dir='ltr'>sed</span> <span class='ocrx_word' id='word_1_293' title='bbox 769 4444 797 4507; x_wconf 89' lang='lat' dir='ltr'>si</span> <span class='ocrx_word' id='word_1_294' title='bbox 811 4444 1024 4526; x_wconf 89' lang='lat' dir='ltr'>imposterum</span> <span class='ocrx_word' id='word_1_295' title='bbox 1038 4444 1112 4526; x_wconf 92' lang='lat' dir='ltr'>plus</span> <span class='ocrx_word' id='word_1_296' title='bbox 1128 4449 1262 4526; x_wconf 90' lang='lat' dir='ltr'>possunt</span> <span class='ocrx_word' id='word_1_297' title='bbox 1278 4444 1441 4528; x_wconf 89' lang='lat' dir='ltr'>inquirere</span> <span class='ocrx_word' id='word_1_298' title='bbox 1451 4442 1538 4506; x_wconf 86' lang='lat' dir='ltr'>vobis</span> <span class='ocrx_word' id='word_1_299' title='bbox 1550 4443 1632 4505; x_wconf 89' lang='lat' dir='ltr'>scire</span> <span class='ocrx_word' id='word_1_300' title='bbox 1643 4443 1774 4509; x_wconf 84' lang='lat' dir='ltr'>facient.</span> <span class='ocrx_word' id='word_1_301' title='bbox 1822 4442 1863 4506; x_wconf 91' lang='lat' dir='ltr'>In</span> <span class='ocrx_word' id='word_1_302' title='bbox 1874 4445 1967 4530; x_wconf 87' lang='lat' dir='ltr'>cujus</span> 
     </span>
     <span class='ocr_line' id='line_1_31' title="bbox 468 4527 1800 4616; baseline -0.001 -22"><span class='ocrx_word' id='word_1_303' title='bbox 468 4530 514 4594; x_wconf 89' lang='lat' dir='ltr'>rei</span> <span class='ocrx_word' id='word_1_304' title='bbox 528 4531 753 4594; x_wconf 88' lang='lat' dir='ltr'>testimonium</span> <span class='ocrx_word' id='word_1_305' title='bbox 767 4531 904 4614; x_wconf 87' lang='lat' dir='ltr'>predicti</span> <span class='ocrx_word' id='word_1_306' title='bbox 917 4530 1078 4616; x_wconf 88' lang='lat' dir='ltr'>juratores</span> <span class='ocrx_word' id='word_1_307' title='bbox 1093 4529 1170 4594; x_wconf 90' lang='lat' dir='ltr'>huic</span> <span class='ocrx_word' id='word_1_308' title='bbox 1185 4530 1347 4595; x_wconf 89' lang='lat' dir='ltr'>veredioto</span> <span class='ocrx_word' id='word_1_309' title='bbox 1362 4529 1470 4613; x_wconf 86' lang='lat' dir='ltr'>sigilla</span> <span class='ocrx_word' id='word_1_310' title='bbox 1486 4549 1543 4592; x_wconf 87' lang='lat' dir='ltr'>sna</span> <span class='ocrx_word' id='word_1_311' title='bbox 1556 4527 1800 4615; x_wconf 85' lang='lat' dir='ltr'>apposueumt.]</span> 
     </span>
    </p>
   </div>
   <div class='ocr_carea' id='block_1_14' title="bbox 917 4683 1517 4812">
    <p class='ocr_par' dir='ltr' id='par_1_15' title="bbox 917 4683 1517 4812">
     <span class='ocr_line' id='line_1_32' title="bbox 917 4683 1517 4812; baseline -0.005 -2"><span class='ocrx_word' id='word_1_312' title='bbox 917 4743 1136 4812; x_wconf 83' lang='lat' dir='ltr'>Houoennuu</span> <span class='ocrx_word' id='word_1_313' title='bbox 1158 4764 1202 4809; x_wconf 82' lang='lat' dir='ltr'>nn</span> <span class='ocrx_word' id='word_1_314' title='bbox 1227 4683 1517 4811; x_wconf 71' lang='lat' dir='ltr'>sMhuHDONE.</span> 
     </span>
    </p>
   </div>
   <div class='ocr_carea' id='block_1_15' title="bbox 511 4877 1965 4964">
    <p class='ocr_par' dir='ltr' id='par_1_16' title="bbox 511 4877 1965 4964">
     <span class='ocr_line' id='line_1_33' title="bbox 511 4877 1965 4964; baseline -0.001 -20"><span class='ocrx_word' id='word_1_315' title='bbox 511 4881 689 4964; x_wconf 79' lang='lat' dir='ltr'>inquisicio</span> <span class='ocrx_word' id='word_1_316' title='bbox 715 4880 800 4944; x_wconf 81' lang='lat' dir='ltr'>factu</span> <span class='ocrx_word' id='word_1_317' title='bbox 823 4881 864 4944; x_wconf 90' lang='lat' dir='ltr'>de</span> <span class='ocrx_word' id='word_1_318' title='bbox 890 4882 994 4945; x_wconf 83' lang='lat' dir='ltr'>feodis</span> <span class='ocrx_word' id='word_1_319' title='bbox 1020 4881 1165 4944; x_wconf 92' lang='lat' dir='ltr'>militum</span> <span class='ocrx_word' id='word_1_320' title='bbox 1191 4879 1403 4944; x_wconf 82' lang='lat' dir='ltr'>existentium</span> <span class='ocrx_word' id='word_1_321' title='bbox 1425 4877 1510 4940; x_wconf 85' lang='lat' dir='ltr'>infra</span> <span class='ocrx_word' id='word_1_322' title='bbox 1531 4879 1734 4960; x_wconf 85' lang='lat' dir='ltr'>procinctum</span> <span class='ocrx_word' id='word_1_323' title='bbox 1749 4877 1911 4942; x_wconf 83' lang='lat' dir='ltr'>hundredi</span> <span class='ocrx_word' id='word_1_324' title='bbox 1925 4879 1965 4943; x_wconf 95' lang='lat' dir='ltr'>de</span> 
     </span>
    </p>
   </div>
   <div class='ocr_carea' id='block_1_16' title="bbox 468 4963 2090 5052">
    <p class='ocr_par' dir='ltr' id='par_1_17' title="bbox 468 4963 2090 5052">
     <span class='ocr_line' id='line_1_34' title="bbox 468 4963 2090 5052; baseline 0.001 -22"><span class='ocrx_word' id='word_1_325' title='bbox 468 4967 665 5032; x_wconf 85' lang='lat' dir='ltr'>Smethdone</span> <span class='ocrx_word' id='word_1_326' title='bbox 679 4989 740 5052; x_wconf 90' lang='lat' dir='ltr'>per</span> <span class='ocrx_word' id='word_1_327' title='bbox 757 4967 957 5031; x_wconf 89' lang='lat' dir='ltr'>Willelmum</span> <span class='ocrx_word' id='word_1_328' title='bbox 973 4969 1014 5032; x_wconf 89' lang='lat' dir='ltr'>ds</span> <span class='ocrx_word' id='word_1_329' title='bbox 1029 4966 1214 5044; x_wconf 87' lang='lat' dir='ltr'>Secheford,</span> <span class='ocrx_word' id='word_1_330' title='bbox 1229 4965 1418 5030; x_wconf 81' lang='lat' dir='ltr'>Gilbertum</span> <span class='ocrx_word' id='word_1_331' title='bbox 1433 4966 1473 5029; x_wconf 92' lang='lat' dir='ltr'>de</span> <span class='ocrx_word' id='word_1_332' title='bbox 1490 4965 1691 5046; x_wconf 72' lang='lat' dir='ltr'>Tycheuell,</span> <span class='ocrx_word' id='word_1_333' title='bbox 1716 4963 1901 5032; x_wconf 84' lang='lat' dir='ltr'>Jchenncm</span> <span class='ocrx_word' id='word_1_334' title='bbox 1925 4967 1965 5031; x_wconf 88' lang='lat' dir='ltr'>ds</span> <span class='ocrx_word' id='word_1_335' title='bbox 2087 4965 2090 4972; x_wconf 79' lang='grc'><strong>’</strong></span> 
     </span>
    </p>
   </div>
   <div class='ocr_carea' id='block_1_17' title="bbox 389 5051 1964 5403">
    <p class='ocr_par' dir='ltr' id='par_1_18' title="bbox 389 5051 1964 5403">
     <span class='ocr_line' id='line_1_35' title="bbox 468 5051 1964 5140; baseline 0.002 -26"><span class='ocrx_word' id='word_1_336' title='bbox 468 5053 605 5139; x_wconf 82' lang='lat' dir='ltr'>Welpol,</span> <span class='ocrx_word' id='word_1_337' title='bbox 631 5053 790 5118; x_wconf 84' lang='lat' dir='ltr'>Thomam</span> <span class='ocrx_word' id='word_1_338' title='bbox 819 5053 860 5118; x_wconf 91' lang='lat' dir='ltr'>de</span> <span class='ocrx_word' id='word_1_339' title='bbox 886 5055 1108 5135; x_wconf 87' lang='lat' dir='ltr'>Brauncestre‚</span> <span class='ocrx_word' id='word_1_340' title='bbox 1139 5055 1334 5140; x_wconf 83' lang='lat' dir='ltr'>Gregorium</span> <span class='ocrx_word' id='word_1_341' title='bbox 1361 5054 1401 5116; x_wconf 93' lang='lat' dir='ltr'>de</span> <span class='ocrx_word' id='word_1_342' title='bbox 1428 5051 1538 5130; x_wconf 86' lang='lat' dir='ltr'>Hoim,</span> <span class='ocrx_word' id='word_1_343' title='bbox 1565 5051 1726 5115; x_wconf 85' lang='lat' dir='ltr'>Thomem</span> <span class='ocrx_word' id='word_1_344' title='bbox 1755 5052 1900 5138; x_wconf 85' lang='lat' dir='ltr'>Burgeys</span> <span class='ocrx_word' id='word_1_345' title='bbox 1923 5055 1964 5117; x_wconf 90' lang='lat' dir='ltr'>de</span> 
     </span>
     <span class='ocr_line' id='line_1_36' title="bbox 466 5138 1963 5224; baseline 0.001 -22"><span class='ocrx_word' id='word_1_346' title='bbox 466 5141 657 5224; x_wconf 82' lang='lat' dir='ltr'>Tycheuell,</span> <span class='ocrx_word' id='word_1_347' title='bbox 684 5142 865 5206; x_wconf 86' lang='lat' dir='ltr'>Walterum</span> <span class='ocrx_word' id='word_1_348' title='bbox 895 5142 936 5205; x_wconf 92' lang='lat' dir='ltr'>de</span> <span class='ocrx_word' id='word_1_349' title='bbox 966 5141 1200 5219; x_wconf 83' lang='lat' dir='ltr'>Schameburn,</span> <span class='ocrx_word' id='word_1_350' title='bbox 1233 5141 1369 5206; x_wconf 91' lang='lat' dir='ltr'>Petrum</span> <span class='ocrx_word' id='word_1_351' title='bbox 1392 5138 1498 5201; x_wconf 88' lang='lat' dir='ltr'>filium</span> <span class='ocrx_word' id='word_1_352' title='bbox 1525 5139 1660 5203; x_wconf 88' lang='lat' dir='ltr'>Roberti</span> <span class='ocrx_word' id='word_1_353' title='bbox 1691 5139 1730 5201; x_wconf 89' lang='lat' dir='ltr'>de</span> <span class='ocrx_word' id='word_1_354' title='bbox 1760 5139 1963 5220; x_wconf 83' lang='lat' dir='ltr'>Sneteshsm,</span> 
     </span>
     <span class='ocr_line' id='line_1_37' title="bbox 466 5225 1963 5313; baseline 0.001 -25"><span class='ocrx_word' id='word_1_355' title='bbox 466 5229 666 5293; x_wconf 84' lang='lat' dir='ltr'>Willclmum</span> <span class='ocrx_word' id='word_1_356' title='bbox 684 5228 791 5294; x_wconf 82' lang='lat' dir='ltr'>Oobbe</span> <span class='ocrx_word' id='word_1_357' title='bbox 805 5231 845 5293; x_wconf 93' lang='lat' dir='ltr'>de</span> <span class='ocrx_word' id='word_1_358' title='bbox 859 5230 981 5309; x_wconf 90' lang='lat' dir='ltr'>eadem,</span> <span class='ocrx_word' id='word_1_359' title='bbox 997 5228 1188 5313; x_wconf 90' lang='lat' dir='ltr'>Philippum</span> <span class='ocrx_word' id='word_1_360' title='bbox 1203 5230 1245 5292; x_wconf 88' lang='lat' dir='ltr'>ds</span> <span class='ocrx_word' id='word_1_361' title='bbox 1260 5228 1394 5312; x_wconf 83' lang='lat' dir='ltr'>Byutre,</span> <span class='ocrx_word' id='word_1_362' title='bbox 1418 5226 1592 5290; x_wconf 85' lang='lat' dir='ltr'>Ricardum</span> <span class='ocrx_word' id='word_1_363' title='bbox 1619 5225 1718 5289; x_wconf 83' lang='lat' dir='ltr'>Bcret</span> <span class='ocrx_word' id='word_1_364' title='bbox 1739 5227 1780 5304; x_wconf 82' lang='lat' dir='ltr'>de</span> <span class='ocrx_word' id='word_1_365' title='bbox 1806 5226 1963 5312; x_wconf 83' lang='lat' dir='ltr'>Dockyng</span> 
     </span>
     <span class='ocr_line' id='line_1_38' title="bbox 389 5313 1434 5403; baseline -0.002 -23"><span class='ocrx_word' id='word_1_366' title='bbox 389 5357 399 5370; x_wconf 90' lang='lat'><strong>·</strong></span> <span class='ocrx_word' id='word_1_367' title='bbox 465 5322 500 5380; x_wconf 88' lang='lat' dir='ltr'>et</span> <span class='ocrx_word' id='word_1_368' title='bbox 521 5313 711 5403; x_wconf 88' lang='lat' dir='ltr'>[Jacohum]</span> <span class='ocrx_word' id='word_1_369' title='bbox 732 5316 838 5379; x_wconf 86' lang='lat' dir='ltr'>filium</span> <span class='ocrx_word' id='word_1_370' title='bbox 853 5317 961 5380; x_wconf 83' lang='lat' dir='ltr'>Alani.</span> <span class='ocrx_word' id='word_1_371' title='bbox 1429 5315 1434 5322; x_wconf 84' lang='lat'><em>&#39;</em></span> 
     </span>
    </p>
   </div>
   <div class='ocr_carea' id='block_1_18' title="bbox 464 5476 1964 5981">
    <p class='ocr_par' dir='ltr' id='par_1_19' title="bbox 464 5476 1964 5981">
     <span class='ocr_line' id='line_1_39' title="bbox 508 5476 1964 5563; baseline -0.001 -20"><span class='ocrx_word' id='word_1_372' title='bbox 508 5479 668 5544; x_wconf 83' lang='lat' dir='ltr'>Robertns</span> <span class='ocrx_word' id='word_1_373' title='bbox 683 5481 723 5544; x_wconf 90' lang='lat' dir='ltr'>de</span> <span class='ocrx_word' id='word_1_374' title='bbox 738 5481 853 5544; x_wconf 91' lang='lat' dir='ltr'>Monte</span> <span class='ocrx_word' id='word_1_375' title='bbox 868 5482 955 5561; x_wconf 89' lang='lat' dir='ltr'>Alto,</span> <span class='ocrx_word' id='word_1_376' title='bbox 978 5501 1064 5545; x_wconf 91' lang='lat' dir='ltr'>unus</span> <span class='ocrx_word' id='word_1_377' title='bbox 1080 5480 1237 5544; x_wconf 89' lang='lat' dir='ltr'>heredum</span> <span class='ocrx_word' id='word_1_378' title='bbox 1253 5479 1416 5563; x_wconf 83' lang='lat' dir='ltr'>Hugonis,</span> <span class='ocrx_word' id='word_1_379' title='bbox 1430 5477 1593 5560; x_wconf 81' lang='lat' dir='ltr'>qnondam</span> <span class='ocrx_word' id='word_1_380' title='bbox 1616 5476 1746 5538; x_wconf 88' lang='lat' dir='ltr'>comitis</span> <span class='ocrx_word' id='word_1_381' title='bbox 1768 5477 1964 5561; x_wconf 84' lang='lat' dir='ltr'>Arundelye,</span> 
     </span>
     <span class='ocr_line' id='line_1_40' title="bbox 465 5563 1961 5649; baseline 0.001 -21"><span class='ocrx_word' id='word_1_382' title='bbox 465 5570 555 5630; x_wconf 87' lang='lat' dir='ltr'>tenet</span> <span class='ocrx_word' id='word_1_383' title='bbox 579 5569 761 5630; x_wconf 83' lang='lat' dir='ltr'>manerium</span> <span class='ocrx_word' id='word_1_384' title='bbox 787 5569 826 5632; x_wconf 92' lang='lat' dir='ltr'>de</span> <span class='ocrx_word' id='word_1_385' title='bbox 855 5569 1054 5636; x_wconf 78' lang='lat' dir='ltr'>Sununsusu</span> <span class='ocrx_word' id='word_1_386' title='bbox 1080 5568 1119 5631; x_wconf 91' lang='lat' dir='ltr'>de</span> <span class='ocrx_word' id='word_1_387' title='bbox 1143 5568 1276 5631; x_wconf 90' lang='lat' dir='ltr'>domino</span> <span class='ocrx_word' id='word_1_388' title='bbox 1297 5585 1374 5649; x_wconf 84' lang='lat' dir='ltr'>rege</span> <span class='ocrx_word' id='word_1_389' title='bbox 1399 5566 1453 5631; x_wconf 88' lang='lat' dir='ltr'>i.c.</span> <span class='ocrx_word' id='word_1_390' title='bbox 1471 5563 1568 5626; x_wconf 92' lang='lat' dir='ltr'>simul</span> <span class='ocrx_word' id='word_1_391' title='bbox 1582 5584 1656 5626; x_wconf 90' lang='lat' dir='ltr'>cum</span> <span class='ocrx_word' id='word_1_392' title='bbox 1671 5563 1746 5626; x_wconf 92' lang='lat' dir='ltr'>aliis</span> <span class='ocrx_word' id='word_1_393' title='bbox 1761 5566 1912 5628; x_wconf 80' lang='lat' dir='ltr'>maneriis</span> <span class='ocrx_word' id='word_1_394' title='bbox 1927 5569 1961 5629; x_wconf 88' lang='lat' dir='ltr'>et</span> 
     </span>
     <span class='ocr_line' id='line_1_41' title="bbox 464 5651 1962 5739; baseline 0.001 -25"><span class='ocrx_word' id='word_1_395' title='bbox 464 5657 661 5719; x_wconf 84' lang='lat' dir='ltr'>tenementis</span> <span class='ocrx_word' id='word_1_396' title='bbox 676 5655 714 5718; x_wconf 89' lang='lat' dir='ltr'>de</span> <span class='ocrx_word' id='word_1_397' title='bbox 729 5651 878 5739; x_wconf 83' lang='lat' dir='ltr'>propurte</span> <span class='ocrx_word' id='word_1_398' title='bbox 894 5676 952 5719; x_wconf 83' lang='lat' dir='ltr'>sus</span> <span class='ocrx_word' id='word_1_399' title='bbox 966 5657 1053 5720; x_wconf 87' lang='lat' dir='ltr'>dicte</span> <span class='ocrx_word' id='word_1_400' title='bbox 1069 5654 1272 5730; x_wconf 85' lang='lat' dir='ltr'>hereditatis,</span> <span class='ocrx_word' id='word_1_401' title='bbox 1297 5674 1354 5736; x_wconf 90' lang='lat' dir='ltr'>per</span> <span class='ocrx_word' id='word_1_402' title='bbox 1380 5651 1465 5737; x_wconf 92' lang='lat' dir='ltr'>quod</span> <span class='ocrx_word' id='word_1_403' title='bbox 1484 5654 1610 5714; x_wconf 89' lang='lat' dir='ltr'>certum</span> <span class='ocrx_word' id='word_1_404' title='bbox 1635 5651 1806 5714; x_wconf 88' lang='lat' dir='ltr'>servicium</span> <span class='ocrx_word' id='word_1_405' title='bbox 1832 5672 1896 5735; x_wconf 94' lang='lat' dir='ltr'>quo</span> <span class='ocrx_word' id='word_1_406' title='bbox 1920 5653 1962 5716; x_wconf 84' lang='lat' dir='ltr'>sd</span> 
     </span>
     <span class='ocr_line' id='line_1_42' title="bbox 464 5737 1961 5829; baseline 0.001 -26"><span class='ocrx_word' id='word_1_407' title='bbox 464 5743 646 5806; x_wconf 81' lang='lat' dir='ltr'>manerium</span> <span class='ocrx_word' id='word_1_408' title='bbox 670 5743 825 5819; x_wconf 88' lang='lat' dir='ltr'>nescitur,</span> <span class='ocrx_word' id='word_1_409' title='bbox 850 5763 888 5807; x_wconf 89' lang='lat' dir='ltr'>eo</span> <span class='ocrx_word' id='word_1_410' title='bbox 914 5743 1000 5829; x_wconf 93' lang='lat' dir='ltr'>quod</span> <span class='ocrx_word' id='word_1_411' title='bbox 1025 5763 1089 5806; x_wconf 93' lang='lat' dir='ltr'>non</span> <span class='ocrx_word' id='word_1_412' title='bbox 1117 5749 1168 5806; x_wconf 88' lang='lat' dir='ltr'>est</span> <span class='ocrx_word' id='word_1_413' title='bbox 1191 5743 1458 5822; x_wconf 85' lang='lat' dir='ltr'>apportionetum</span> <span class='ocrx_word' id='word_1_414' title='bbox 1489 5744 1539 5801; x_wconf 90' lang='lat' dir='ltr'>set</span> <span class='ocrx_word' id='word_1_415' title='bbox 1563 5737 1654 5802; x_wconf 91' lang='lat' dir='ltr'>bene·</span> <span class='ocrx_word' id='word_1_416' title='bbox 1675 5743 1785 5820; x_wconf 88' lang='lat' dir='ltr'>potest</span> <span class='ocrx_word' id='word_1_417' title='bbox 1816 5743 1961 5804; x_wconf 84' lang='lat' dir='ltr'>constare</span> 
     </span>
     <span class='ocr_line' id='line_1_43' title="bbox 465 5824 1961 5915; baseline -0.001 -25"><span class='ocrx_word' id='word_1_418' title='bbox 465 5827 596 5893; x_wconf 92' lang='lat' dir='ltr'>domino</span> <span class='ocrx_word' id='word_1_419' title='bbox 610 5830 681 5914; x_wconf 77' lang='lat' dir='ltr'>regi</span> <span class='ocrx_word' id='word_1_420' title='bbox 696 5831 736 5894; x_wconf 92' lang='lat' dir='ltr'>de</span> <span class='ocrx_word' id='word_1_421' title='bbox 751 5831 886 5893; x_wconf 86' lang='lat' dir='ltr'>servicio</span> <span class='ocrx_word' id='word_1_422' title='bbox 915 5832 1037 5915; x_wconf 80' lang='lat' dir='ltr'>integri</span> <span class='ocrx_word' id='word_1_423' title='bbox 1062 5837 1097 5894; x_wconf 93' lang='lat' dir='ltr'>et</span> <span class='ocrx_word' id='word_1_424' title='bbox 1119 5827 1282 5914; x_wconf 86' lang='lat' dir='ltr'>propertis</span> <span class='ocrx_word' id='word_1_425' title='bbox 1307 5847 1363 5910; x_wconf 89' lang='lat' dir='ltr'>per</span> <span class='ocrx_word' id='word_1_426' title='bbox 1385 5826 1505 5889; x_wconf 91' lang='lat' dir='ltr'>librum</span> <span class='ocrx_word' id='word_1_427' title='bbox 1530 5824 1571 5888; x_wconf 89' lang='lat' dir='ltr'>ds</span> <span class='ocrx_word' id='word_1_428' title='bbox 1587 5824 1688 5888; x_wconf 84' lang='lat' dir='ltr'>feodis</span> <span class='ocrx_word' id='word_1_429' title='bbox 1714 5829 1748 5888; x_wconf 87' lang='lat' dir='ltr'>et</span> <span class='ocrx_word' id='word_1_430' title='bbox 1773 5826 1895 5890; x_wconf 90' lang='lat' dir='ltr'>rotulos</span> <span class='ocrx_word' id='word_1_431' title='bbox 1919 5826 1961 5889; x_wconf 89' lang='lat' dir='ltr'>de</span> 
     </span>
     <span class='ocr_line' id='line_1_44' title="bbox 466 5934 631 5981; baseline 0.012 -2"><span class='ocrx_word' id='word_1_432' title='bbox 466 5934 631 5981; x_wconf 84' lang='lat' dir='ltr'>seaccsrro.</span> 
     </span>
    </p>
   </div>
   <div class='ocr_carea' id='block_1_19' title="bbox 0 0 2504 7050">
    <p class='ocr_par' dir='ltr' id='par_1_20' title="bbox 0 0 2504 7050">
     <span class='ocr_line' id='line_1_45' title="bbox 0 0 2504 7050; baseline 0 0"><span class='ocrx_word' id='word_1_433' title='bbox 0 0 2504 7050; x_wconf 95' lang='lat' dir='ltr'> </span> 
     </span>
    </p>
   </div>
  </div>
 </body>
</html>
