5000 7050
1114 1123 1194 1188 si).
1219 1126 1314 1189 1428.
1895 1127 1958 1191 119

502 1406 552 1471 De
573 1407 692 1473 abbate
715 1410 756 1474 de
783 1412 938 1477 Uiveston
964 1434 1021 1497 pro
1045 1401 1150 1477 tribus
1173 1413 1318 1496 pertibus
1344 1433 1399 1477 un.
1425 1414 1447 1477 f.
1464 1435 1508 1479 m.
1524 1434 1603 1497 quas
1627 1418 1719 1478 tenet
1741 1417 1777 1478 in
1802 1414 1954 1489 Musuou,

454 1498 493 1555 et
504 1516 584 1579 quas
594 1495 761 1562 Johannes
772 1500 1068 1585 Oolvyllqnondam
1081 1502 1189 1564 tenuit
1202 1500 1335 1579 ibidem,
1344 1521 1409 1564 non
1424 1502 1616 1585 respondent
1634 1522 1672 1564 eo
1687 1504 1773 1585 quod
1783 1502 1878 1566 solvit
1887 1506 1959 1565 xm·

453 1582 589 1647 domino
602 1587 671 1669 regi
686 1588 815 1668 quaudo
830 1598 889 1653 rme
902 1610 922 1651 a
936 1587 1023 1652 olero
1038 1588 1271 1665 conceduntur,
1287 1590 1372 1653 siout
1388 1596 1452 1653 eto.
1498 1588 1699 1668 Subsidium,
1713 1588 1810 1656 nihil.

502 1718 554 1781 De
578 1722 722 1803 predicto
735 1721 859 1789 Thoma
874 1726 959 1789 Boos
973 1746 1029 1809 pro
1044 1726 1225 1788 medietate
1240 1746 1296 1789 un.
1313 1726 1337 1790 f.
1354 1745 1398 1789 m.
1415 1746 1513 1807 quam
1535 1729 1626 1787 tenet
1648 1726 1682 1787 iu
1699 1725 1907 1800 Bssussrou,
1923 1727 1958 1787 et

452 1826 538 1889 quas
553 1806 708 1873 Ricardus
722 1810 764 1875 de
780 1810 918 1877 Belhous
932 1814 1095 1897 quondam
1111 1814 1219 1876 tenuit
1230 1812 1368 1893 ibidem,
1384 1814 1446 1877 eto.
1493 1812 1693 1889 Subsidium,
1708 1812 1791 1897 iiie.
1809 1810 1911 1896 iiij.d.

501 1948 551 2011 De
564 1948 712 2015 Johanne
729 1951 905 2017 Stoneham
920 1958 955 2017 et
969 1952 1118 2017 Johanne
1132 1953 1213 2017 Bate
1228 1973 1287 2037 pro
1301 1953 1478 2016 medietate
1493 1972 1549 2015 un.
1565 1950 1589 2016 f.
1606 1972 1649 2013 m.
1664 1972 1763 2035 quam
1786 1956 1900 2015 tenent
1921 1952 1957 2014 in

454 2036 668 2117 Bsuuusuou,
691 2044 727 2104 et
748 2061 846 2123 quam
868 2038 1033 2103 iohannes
1059 2040 1189 2104 Bernak
1212 2050 1248 2104 et
1273 2039 1450 2104 Niohoiaus
1477 2038 1629 2103 Charnels
1654 2058 1758 2122 nuper
1782 2044 1958 2102 tenuerunt

453 2122 593 2197 ibidem,
609 2132 669 2189 ete.
717 2126 918 2203 Subsidium,
932 2127 1015 2212 iij.e.
1030 2127 1133 2211 iiijd.

504 2260 553 2323 De
577 2262 757 2345 Reginaldo
781 2265 870 2328 West
885 2286 943 2348 pro
969 2267 1146 2329 medietate
1170 2286 1227 2330 uu.
1244 2264 1267 2328 f.
1285 2286 1330 2329 m.
1353 2284 1450 2346 quam
1465 2268 1557 2326 tenet
1572 2264 1608 2325 in
1623 2263 1798 2341 Hesiones,
1812 2266 1846 2326 et
1860 2284 1958 2346 quam

452 2345 608 2412 Johanne
622 2352 664 2413 de
678 2351 711 2414 la
724 2351 835 2416 Warre
850 2373 954 2436 nuper
969 2355 1077 2417 tenuit
1091 2354 1225 2433 ibidem,
1242 2358 1304 2416 ete.
1351 2350 1553 2427 Subsidium,
1568 2350 1649 2433 iij.e.
1667 2347 1768 2433 iiij.d.

501 2483 553 2546 De
582 2483 754 2549 heredibus
782 2485 943 2551 Johannis
971 2487 1098 2572 Reynes
1135 2509 1193 2571 pro
1229 2487 1406 2551 medietate
1437 2506 1493 2550 un.
1525 2486 1548 2550 f.
1579 2507 1624 2550 m.
1657 2506 1755 2568 quam
1786 2490 1897 2548 teuent
1922 2487 1958 2547 in

455 2570 670 2743 {ju-spinga?
685 2580 720 2637 et
742 2595 840 2659 quam
863 2576 1004 2639 Thomas
1028 2576 1157 2660 Reynes
1182 2574 1344 2660 quondam
1366 2576 1475 2638 tenuit
1490 2573 1624 2652 ibidem,
1639 2580 1702 2637 eto.
1760 2571 1958 2651 Subsidium,

502 2796 553 2859 De
578 2797 721 2862 Roberto
736 2799 907 2864 Wodeford
935 2822 994 2886 pro
1017 2802 1118 2865 tercia
1144 2806 1236 2885 parte
1266 2821 1321 2863 un.
1336 2799 1360 2864 f.
1377 2820 1421 2865 m.
1449 2820 1545 2883 quam
1569 2803 1661 2862 tenet
1683 2800 1717 2861 in
1746 2797 1959 2878 erasmum,

453 2889 491 2947 et
507 2904 607 2967 quam
621 2884 762 2951 Thomas
776 2887 816 2951 de
831 2887 1057 2974 Everyngham
1072 2909 1176 2973 nuper
1189 2889 1300 2952 tenuit
1322 2887 1458 2967 ibidem,
1473 2892 1536 2951 eto.
1581 2886 1780 2987 Subsidium,
1797 2886 1866 2969 ij.e.
1883 2886 1959 2970 ijo.

454 2973 579 3056 om.

503 3107 556 3171 De
570 3108 734 3172 Wiilelmo
748 3110 778 3172 le
795 3108 924 3173 Zouohe
939 3131 997 3194 pro
1012 3111 1190 3175 medietate
1204 3131 1262 3176 un.
1279 3111 1302 3174 f.
1318 3131 1361 3175 m.
1377 3130 1474 3191 quam
1489 3114 1580 3173 tenet
1595 3110 1629 3171 in
1655 3110 1903 3175 Banuuuuensu
1927 3112 1962 3172 et

456 3195 610 3269 Tuosne,
625 3204 659 3259 et
680 3218 779 3280 quam
793 3197 978 3262 Willelmus
1004 3200 1035 3262 le
1055 3198 1183 3262 Zouohe
1198 3200 1359 3281 quondam
1375 3198 1487 3260 tenuit
1502 3196 1633 3274 ibidem,
1648 3202 1712 3266 eto.
1759 3196 1960 3273 Subsidium,

1001 3419 1110 3483 Feoda
1124 3421 1270 3484 miiitum
1281 3442 1363 3485 2—x.
1380 3421 1404 3484 f.
1421 3425 1484 3483 tres
1499 3427 1616 3503 partes,
1631 3425 1666 3484 et
1681 3421 1781 3484 toroia
1795 3440 1878 3503 pare.

503 3460 642 3524 Summa
656 3461 752 3526 istius
767 3459 930 3527 hundredi
1002 3506 1192 3573 Subsidium
1202 3508 1392 3594 guipp,
1410 3508 1493 3594 xpp,
1509 3508 1556 3574 ob,
1573 3516 1624 3592 qe,

950 3746 1170 3813 Huuuaanuu
1194 3769 1238 3814 na
1262 3746 1474 3818 GOSGOTE.

504 3909 559 3974 De
572 3905 697 3970 Thomu
712 3909 858 3992 Aesheby
874 3909 914 3973 de
929 3910 1081 3995 Lewseby
1098 3933 1155 3996 pro
1169 3915 1270 3976 tercia
1285 3916 1377 3997 perte
1391 3930 1448 3975 un.
1465 3911 1488 3974 f.
1505 3930 1552 3974 m.
1568 3910 1602 3970 in
1617 3909 1787 3988 Lownsaa
1811 3916 1846 3972 et
1866 3931 1962 3994 quam

457 3996 480 4059 J
481 3995 628 4059 ohannes
642 3995 768 4061 Burdet
783 3998 947 4080 quondam
961 4000 1070 4063 tenuit
1084 4000 1217 4073 ibidem,
1232 4009 1296 4065 ete.
1343 3998 1543 4068 Subsidium,
1558 3996 1591 4080 ij.
1600 4017 1625 4059 s.
1641 3997 1676 4080 ij.
1685 3999 1715 4060 d.
1732 3999 1780 4062 ob.
1797 4006 1847 4081 q⁰.

504 4129 557 4191 De
579 4127 704 4192 Thomu
729 4129 852 4194 Biount
875 4152 932 4215 pro
958 4134 1060 4196 tercia
1084 4138 1177 4216 parte
1204 4155 1259 4196 un.
1287 4133 1310 4197 f.
1336 4151 1378 4192 m.
1406 4133 1442 4194 in
1466 4131 1654 4209 Autonoe,
1679 4151 1777 4213 quam
1802 4123 1965 4194 Johannes

458 4215 635 4300 Bakepuys
649 4218 814 4300 quondam
829 4220 938 4282 tenuit
953 4219 1088 4298 ibidem,
1104 4225 1164 4284 eto.
1210 4219 1410 4298 Subsidium,
1425 4217 1494 4302 ijs.
1510 4216 1533 4302 ij
1539 4219 1585 4282 .d.
1602 4220 1650 4282 ob.
1667 4227 1717 4300 q⁰.

506 4355 559 4417 De
583 4353 731 4419 Johanne
756 4355 928 4441 Marmyon
952 4378 1010 4440 pro
1025 4364 1141 4442 quarta
1155 4361 1247 4442 parte
1262 4376 1318 4420 un.
1334 4355 1357 4418 f.
1372 4375 1416 4418 m.
1432 4373 1530 4437 quam
1545 4359 1640 4416 tenet
1652 4354 1687 4416 iu
1704 4355 1965 4438 Connuuawrou,

459 4449 496 4507 et
512 4463 611 4526 qnam
626 4442 811 4508 Willelmus
825 4444 998 4530 Marmyon
1013 4446 1177 4528 quondam
1192 4445 1302 4508 tenuit
1316 4442 1451 4520 ibidem,
1465 4447 1527 4504 eto.
1573 4440 1772 4522 Subsidium,
1787 4446 1876 4508 aad.

506 4579 558 4642 De
573 4579 654 4643 duce
668 4569 844 4644 Norffoloie
860 4602 917 4666 pro
932 4588 1048 4666 quarta
1063 4586 1153 4666 parte
1164 4601 1220 4644 un.
1230 4579 1253 4644 i.
1264 4600 1306 4642 m.
1320 4599 1418 4661 quam
1432 4583 1525 4640 tenet
1539 4577 1575 4639 in
1592 4576 1754 4643 Twruoen
1769 4583 1803 4640 et
1818 4577 1966 4658 Tnosun,

460 4676 497 4733 et
512 4688 611 4750 quam
626 4666 790 4731 iohannes
806 4669 944 4754 Segrave
958 4671 1120 4755 quondam
1135 4669 1246 4732 tenuit
1261 4667 1395 4745 ibidem,
1409 4672 1472 4732 eto.
1512 4662 1718 4742 Subsidium,
1731 4687 1784 4730 xx.
1792 4663 1824 4730 d.

507 4805 559 4868 De
584 4805 721 4869 Mabilia
746 4806 918 4871 Wodeiord
943 4829 1001 4892 pro
1024 4808 1128 4872 tribus
1154 4805 1302 4891 partibus
1331 4824 1387 4868 un.
1415 4802 1439 4867 f.
1456 4823 1501 4864 m.
1531 4823 1611 4886 quas
1637 4807 1728 4867 tenet
1750 4806 1787 4865 in
1812 4804 1965 4872 Assnnar
2039 4839 2040 4844 ¹

461 4894 629 4971 Totum„
644 4898 679 4957 et
693 4915 772 4978 quas
786 4893 808 4958 J
809 4892 952 4959 ohannes
967 4895 1094 4979 Folvyll
1108 4894 1272 4979 quondam
1287 4893 1398 4957 tenuit
1411 4890 1547 4968 ibidem,
1561 4895 1623 4955 eto.
1671 4889 1871 4970 Subsidium,
1887 4912 1950 4958 us.

506 5031 557 5094 De
582 5015 834 5116 predicto’dnoe
860 5031 1035 5098 Norffoloie
1058 5055 1115 5118 pro
1138 5033 1316 5096 medietate
1343 5050 1399 5093 un.
1426 5030 1449 5092 f.
1473 5049 1518 5093 m.
1546 5047 1644 5111 quam
1676 5033 1766 5094 tenet
1791 5031 1825 5092 in
1853 5031 1966 5097 Danau

462 5119 656 5198 Gmcouan,
672 5125 706 5184 et
719 5142 815 5204 quam
833 5120 995 5186 Johaunes
1010 5121 1151 5206 Segrave
1173 5120 1338 5204 quondam
1360 5117 1469 5181 tenuit
1494 5115 1630 5192 ibidem,
1654 5120 1717 5180 eto.
1764 5116 1963 5198 Subsidium,

508 5343 557 5407 De
581 5341 730 5409 Johanue
756 5344 940 5431 Wylougby
964 5367 1021 5431 pro
1046 5350 1161 5429 quarta
1184 5348 1276 5429 parte
1291 5363 1346 5407 un.
1363 5339 1387 5406 f.
1404 5361 1448 5406 m.
1466 5359 1565 5424 quam
1588 5327 1913 5421 sustinuissem,
1931 5346 1966 5404 et

463 5452 562 5515 quam
577 5431 724 5517 Rogerus
738 5433 914 5519 Wilougby
930 5455 1034 5518 nuper
1048 5435 1155 5498 tenuit
1170 5431 1304 5509 ibidem,
1320 5435 1383 5494 eto.
1430 5427 1630 5503 Subsidium,
1646 5448 1696 5491 xx.
1705 5429 1736 5491 d.

509 5567 558 5632 De
581 5571 738 5656 magistro
767 5571 807 5634 de
837 5570 986 5634 Mertone
1015 5570 1150 5654 college,
1177 5568 1311 5646 Omnis,
1338 5585 1397 5648 pro
1435 5568 1552 5648 quarta
1593 5567 1686 5646 parte
1725 5584 1781 5629 un.
1806 5565 1830 5626 f.
1857 5586 1902 5630 m.
1929 5568 1965 5629 in

466 5656 632 5737 Brenni,
649 5664 713 5722 eto.
759 5657 959 5735 Subsidium,
974 5659 1066 5724 xnd.

509 5791 557 5856 De
571 5795 753 5858 Alexandro
767 5794 891 5860 Burdet
904 5815 961 5879 pro
974 5800 1090 5879 quarta
1104 5800 1196 5878 parte
1212 5813 1267 5856 un.
1284 5789 1307 5853 f.
1324 5810 1368 5854 m.
1392 5809 1489 5871 quam
1514 5789 1604 5850 tenet
1628 5787 1663 5849 in
1691 5787 1965 5869 Tnuusnuueron,

466 5879 672 5962 haesuri,
688 5886 724 5945 et
738 5882 911 5963 Homer,
928 5892 964 5948 et
978 5903 1076 5967 quam
1092 5882 1256 5946 Henrieus
1271 5877 1484 5962 Notyugham
1510 5873 1674 5960 quondam
1699 5878 1810 5939 tenuit
1832 5878 1964 5958 ibidem,

465 5971 528 6034 ete.
570 5969 773 6051 Subsidium,
790 5973 883 6038 aad.
