5000 7050
1111 1116 1193 1180 ul).
1219 1113 1314 1182 1316.

1241 1426 1349 1467 eomes
1364 1403 1584 1470 Pemhroohie.

508 1488 666 1555 Housffl
769 1529 1185 1543 -----
1242 1491 1436 1662 Mfflsffie
1462 1492 1528 1555 fuit
1555 1512 1634 1555 uxor
1660 1489 1818 1555 Johenuis
1832 1491 1872 1554 de

1242 1710 1359 1789 Meris,
1373 1733 1437 1795 que
1462 1711 1529 1776 fuit
1554 1732 1634 1775 uxor
1656 1710 1815 1777 Johsnnis
1830 1711 1871 1775 de

506 1799 782 1867 wsxsuusmu-
839 1802 882 1870 'J-
973 1840 984 1853 ·
1074 1840 1085 1851 -
1175 1820 1263 1950 Ἦ
1284 1798 1503 1950 ilghmclss
1596 1890 1609 1951 t

1264 1907 1284 1950 ο
1325 1906 1406 1950 nnes
1443 1907 1461 1954 e
1504 1906 1594 1970 remp
1612 1907 1663 1951 on.

1241 2020 1393 2101 Thomas,
1409 2042 1543 2106 persona
1557 2022 1598 2085 de
1614 2021 1781 2106 Muuteby.

1242 2108 1355 2173 Simon
1370 2109 1410 2173 de
1425 2108 1610 2194 Felebrigg.

1241 2246 1425 2310 willelmus
1439 2246 1469 2309 le
1484 2245 1615 2311 Perker.

1241 2333 1427 2397 willelmus
1442 2333 1483 2398 de
1499 2332 1636 2398 Gemer.

508 2066 663 2167 pm
770 2105 1185 2117 .....
1222 2025 1236 2191 1

506 2514 712 2581 sammon
768 2555 1183 2566 ·····
1219 2469 1638 2638 1ῗῗῖἷηῖἶ31ξθξῖἷιῖἶῖὲιι.

507 2724 732 2791 Lusmusnuu
768 2764 1184 2776 -----
1239 2723 1327 2807 prior
1341 2722 1383 2786 de
1399 2720 1601 2787 Okeboume.

1240 2886 1327 2968 prior
1342 2884 1382 2947 de
1397 2881 1655 2967 wymundhsm.

1242 2970 1424 3035 willelmus
1438 2969 1479 3033 de
1495 2969 1631 3056 Miliers.

507 3062 734 3129 Hmussuuss
768 3100 1184 3112 -----
1242 3058 1402 3122 Hemieus
1418 3057 1488 3123 Ost.

1240 3145 1416 3229 Gregorius
1431 3144 1472 3208 de
1487 3140 1738 3229 Felmyngham.

1242 3232 1428 3296 willelmus
1443 3232 1558 3316 Alsyn.

1228 3300 1234 3317 1

506 3418 547 3486 W
1242 3369 1358 3435 Petrus
1374 3369 1543 3452 Roseelyn.

547 3438 668 3485 ΔΜΟΤΕ
769 3452 1183 3469 ·····
1221 3373 1422 3540 {Alexander
1436 3455 1474 3519 de
1491 3455 1646 3520 waleole.

1241 3591 1426 3656 willelmus
1441 3593 1480 3655 de
1495 3591 1710 3656 Kerdesloue.

506 3727 652 3795 Rmm
669 3763 1185 3779 ·····
1241 3678 1477 3830 Buigalllluiloe
1517 3677 1582 3742 fuit
1623 3699 1703 3742 uxor
1733 3677 1891 3743 willelmi
1921 3679 1961 3741 de

1241 3855 1376 3917 domins
1389 3853 1430 3918 de
1445 3851 1590 3916 Bumell.

1242 3991 1403 4055 Roberius
1418 3989 1548 4054 Rosike.

507 4083 708 4149 Beuusuunu
769 4119 1183 4133 ·····
1241 4078 1427 4142 willelmus
1442 4077 1474 4141 le
1489 4075 1621 4145 Perker.

1242 4165 1425 4230 willelmus
1439 4164 1480 4228 de
1494 4164 1629 4229 Gemer.

507 4308 640 4374 Iseum
667 4344 1187 4358 ------
1244 4304 1393 4369 Oliverus
1407 4304 1447 4368 de
1463 4302 1613 4386 Inghum.

1242 4464 1349 4508 eomes
1364 4441 1588 4509 Pembrochie.
1661 4435 1673 4478 '·

1242 4531 1407 4595 Robertus
1421 4531 1463 4594 de
1479 4529 1604 4594 Ufford.

1242 4617 1384 4682 'l'homss
1399 4618 1439 4681 de
1455 4616 1623 4702 Hikeling.

1242 4706 1427 4770 willelmus
1441 4705 1472 4767 le
1489 4703 1620 4769 Perker.

1243 4792 1408 4856 Gallridus
1423 4789 1527 4856 with.

1243 4880 1404 4944 Henricus
1419 4878 1512 4943 Rose.

1242 4964 1406 5031 iohannes
1421 4966 1460 5029 de
1477 4966 1569 5029 Lem.

1275 5053 1417 5118 ieholeue
1432 5053 1472 5117 de
1488 5051 1658 5117 Selieibus.

565 5406 786 5476 Huunuunuu
801 5428 845 5474 ns
860 5402 1081 5475 ESTFLEG.
1127 5401 1170 5468 ut
1186 5407 1238 5468 eei
1251 5401 1287 5468 in
1302 5423 1401 5468 manu
1416 5399 1437 5467 J
1439 5400 1573 5466 ohannis
1588 5397 1629 5466 de
1643 5397 1852 5485 Claveryuge.

508 5574 665 5640 Ouuusus
768 5609 1185 5623 -----
1243 5568 1386 5654 Rogerus
1402 5567 1442 5631 de
1457 5565 1622 5650 Ormesby.

1241 5707 1329 5789 prior
1344 5705 1493 5770 Norwici.

1241 5794 1375 5856 domina
1388 5791 1595 5876 Dagellioun.

1241 5879 1262 5943 J
1264 5880 1404 5943 ohannes
1419 5879 1459 5942 de
1474 5878 1573 5944 Vsus.

1243 5966 1359 6032 Petrus
1374 5967 1516 6035 Bououu.

509 5841 700 5912 Scuousses
764 5877 1184 5892 -----
