5000 7050
542 1104 607 1167 430
1185 1105 1404 1171 NORFOLK.

583 1389 724 1456 Thomas
746 1392 883 1458 Prentih
907 1394 947 1457 (19
970 1395 1086 1459 eadem
1112 1400 1204 1460 tenet
1229 1396 1274 1461 di.
1292 1398 1489 1481 quarterium
1517 1397 1557 1461 de
1584 1398 1672 1461 dicto
1685 1396 1809 1462 Thoma
1824 1397 1864 1463 de
1880 1395 1990 1478 Bosco,
2007 1404 2042 1462 et

541 1479 650 1543 dictus
664 1480 802 1543 Thomas
816 1487 856 1544 ut
870 1502 975 1565 supra.

585 1633 689 1697 Adam
713 1635 754 1697 (19
779 1632 907 1715 Sulton,
923 1633 1087 1699 Johannes
1113 1634 1237 1699 Schavc
1262 1636 1302 1700 dc
1326 1636 1483 1721 Kirkeby,
1507 1638 1602 1701 abbas
1618 1638 1659 1701 (19
1674 1639 1851 1723 Langgele,
1866 1636 2042 1715 Johanues,

541 1720 678 1783 vicarius
707 1722 749 1783 (19
775 1720 992 1800 Worthstede,
1020 1727 1136 1787 tenant
1161 1724 1370 1788 medietatem
1397 1727 1555 1809 quarterii
1578 1727 1601 1789 f.
1627 1746 1670 1791 m.
1698 1724 1739 1789 (19
1762 1725 1903 1790 Radulfo
1927 1726 2042 1807 Pycot,

541 1807 700 1872 Radulfus
727 1807 829 1891 Pycot
854 1808 893 1871 de
920 1809 1085 1873 Willelmo
1110 1810 1151 1874 de
1175 1810 1252 1890 Ros,
1276 1818 1308 1875 et
1333 1812 1384 1878 W.
1409 1813 1449 1875 de
1477 1814 1538 1877 lios
1562 1814 1603 1877 (19
1629 1815 1748 1876 comite
1775 1813 1981 1893 Marcscallo‚
2006 1818 2040 1876 91

541 1916 648 1957 comes
663 1894 874 1959 Marescallus
890 1897 930 1959 de
944 1917 1030 1981 rege.

583 2049 728 2135 Rogems
743 2051 830 2114 filius
845 2052 1008 2115 Osscberti
1024 2058 1117 2118 tenet
1128 2053 1156 2137 j.
1173 2054 1197 2118 f.
1213 2074 1258 2119 m.
1274 2052 1313 2116 dc
1329 2056 1449 2118 comite
1465 2055 1666 2135 Maresoallo‚
1683 2061 1719 2120 et
1732 2075 1838 2119 comes
1852 2054 1893 2119 (19
1906 2074 1992 2137 rege.

588 2201 976 2268 Summonuit-Heres
1000 2202 1140 2267 Huberti
1166 2203 1206 2266 (19
1230 2203 1374 2283 Multon,
1399 2204 1497 2268 abbas
1522 2206 1563 2268 (19
1590 2204 1765 2291 Langgele,
1793 2206 1975 2269 Willelmus
2000 2206 2040 2270 de

541 2287 676 2352 Valibus
700 2295 734 2353 et
756 2288 933 2353 Nicholaus
956 2289 1063 2373 Bryon
1089 2295 1203 2354 tenent
1227 2292 1253 2376 j.
1270 2290 1314 2357 di.
1332 2292 1355 2355 1.
1371 2312 1415 2356 m.
1440 2292 1480 2355 de
1506 2292 1638 2357 domino
1653 2294 1773 2357 comite
1789 2292 1990 2371 Marescallo‚
2005 2299 2039 2356 et

540 2395 646 2439 comes
662 2376 870 2440 Marcscallus
884 2379 925 2441 de
940 2397 1028 2460 rege.
1615 2397 1620 2407 ·

584 2531 689 2593 Heres
710 2530 851 2594 Huberti
875 2532 915 2595 dc
941 2532 1073 2593 Multon
1098 2536 1189 2595 tenet
1210 2533 1246 2594 in
1270 2533 1382 2596 cadem
1404 2531 1431 2615 j.
1448 2531 1471 2599 1.
1488 2554 1533 2597 m.
1560 2533 1600 2597 de
1625 2531 1750 2597 Thoma
1772 2532 1813 2597 de
1838 2534 1981 2611 Multon,
2006 2537 2039 2598 et

539 2617 679 2682 Thomas
693 2618 733 2681 (19
748 2618 878 2681 Multon
893 2618 934 2681 (19
949 2620 1079 2697 comite,
1097 2625 1131 2682 et
1145 2638 1253 2681 comes
1269 2619 1477 2683 Marescallus
1492 2621 1532 2684 dc
1547 2641 1632 2705 rege.

583 2772 678 2837 Sarra
701 2771 804 2855 Pycot
829 2776 865 2834 ct
891 2772 1030 2835 Thomas
1056 2772 1171 2835 Cawod
1193 2775 1307 2835 teuent
1336 2771 1381 2837 di.
1398 2774 1598 2857 quarterium
1614 2773 1637 2838 1.
1654 2794 1699 2837 m.
1715 2775 1756 2837 (19
1772 2772 1911 2836 Radulfo
1926 2773 2040 2857 Pymt,

540 2860 700 3011 ffiqgfx
715 2861 772 3031 tq}
773 2857 970 3011 Θ[1111191110
996 2856 1052 2945 dc]
1074 2859 1148 2940 Ros,
1174 2867 1205 2923 et
1223 2858 1408 2924 willelmus
1433 2860 1473 2923 (19
1501 2860 1564 2924 Ros
1588 2860 1628 2924 (19
1654 2862 1773 2924 comite
1791 2860 1991 2936 marescallo,
2006 2868 2041 2924 91

583 3100 1012 3166 lismensem-willelmus
1063 3099 1244 3178 Grimbald‚
1296 3100 1460 3165 Johanuss
1505 3101 1649 3184 Siclyng,
1695 3100 1839 3186 Rogerus
1887 3101 2040 3180 Wrcnuc,

542 3186 787 3250 Bartholomeus
802 3186 936 3271 Siclyng
945 3192 1061 3250 tenent
1072 3208 1175 3251 unum
1186 3191 1385 3271 quarterium
1398 3190 1420 3254 1.
1432 3210 1477 3253 m.
1490 3190 1530 3252 de
1543 3188 1685 3253 Roberto
1700 3189 1740 3253 (19
1756 3187 1942 3271 Bacolstorp
1958 3191 2039 3267 (ric),

541 3280 575 3337 et
591 3273 749 3337 Robcrtus
763 3273 803 3337 (19
817 3274 938 3340 comite
953 3274 1134 3354 Warennie,
1151 3280 1186 3339 ct
1201 3296 1308 3339 comcs
1324 3278 1364 3340 de
1379 3297 1463 3363 rege.

583 3425 747 3489 Johaunes
762 3426 803 3489 (19
819 3425 979 3490 Ielverton
996 3431 1088 3491 tenet
1101 3428 1147 3493 di.
1163 3428 1365 3511 quarterium
1381 3427 1404 3493 1.
1422 3448 1465 3492 m.
1483 3428 1523 3491 (19
1538 3426 1635 3490 Petro
1652 3427 1777 3505 Buzun,
1792 3427 1909 3492 Petrus
1927 3430 2038 3493 Buzuu

541 3514 580 3577 de
618 3514 782 3579 Willelmo
819 3514 859 3578 (19
889 3514 963 3595 Ros,
1002 3513 1201 3602 [Willelmus
1230 3516 1271 3580 de
1302 3512 1380 3602 Ros]
1416 3515 1456 3580 de
1486 3515 1606 3579 comite
1635 3515 1835 3598 Marescalto,
1865 3524 1898 3581 et
1932 3539 2039 3583 comes

541 3601 753 3667 Marescallus
768 3603 808 3666 (19
824 3624 910 3687 rege.

585 3755 762 3819 Nicholaus
777 3756 884 3839 Bryan
899 3763 991 3820 tenet
1001 3755 1028 3838 j.
1047 3758 1248 3840 quarterium
1262 3756 1287 3821 1.
1303 3779 1348 3821 m.
1365 3757 1405 3819 de
1422 3755 1561 3820 Radulfo
1577 3754 1689 3840 Pycot‚
1704 3755 1862 3820 Radulsus
1877 3757 1979 3841 Pycot
1998 3757 2038 3822 de

540 3844 704 3907 Witlelmo
719 3844 759 3908 de
775 3845 850 3924 Ros,
866 3850 901 3908 et
917 3844 967 3909 W.
983 3844 1024 3906 (19
1039 3843 1104 3906 Ros
1119 3845 1159 3908 de
1173 3845 1294 3908 comite
1311 3843 1511 3922 Marcscallo,
1526 3849 1559 3907 ct
1574 3863 1679 3906 comes
1695 3843 1735 3906 de
1750 3864 1835 3926 rege.

584 3997 928 4063 samsona-abbas
954 3999 995 4060 de
1018 3997 1184 4082 Langgelc
1200 4005 1235 4061 91
1260 3999 1409 4082 priorissa
1433 3997 1473 4059 (19
1490 3995 1616 4060 Carowe
1632 4000 1746 4060 tenent
1762 3995 1826 4058 duo
1841 3998 1986 4061 maneria
2001 3997 2036 4060 in

542 4085 675 4161 eadem:
690 4091 801 4148 utrum
816 4085 883 4147 sint
896 4085 989 4149 feoda
1004 4086 1161 4149 militaria
1176 4087 1228 4149 vel
1243 4106 1307 4148 nou
1322 4087 1501 4171 ignoratur.

584 4237 986 4304 Eustriacum-Comes
1002 4240 1210 4303 Marescallus
1225 4244 1317 4304 tenet
1332 4239 1513 4303 manerium
1530 4237 1568 4300 (19
1584 4238 1836 4312 Formosam
1862 4245 1973 4301 utrum
1995 4240 2038 4300 sit

540 4327 672 4390 feodum
687 4327 828 4389 militare
845 4327 895 4389 vel
911 4347 974 4390 non
990 4329 1169 4412 ignoratur.

582 4478 742 4542 Radulius
767 4478 869 4562 Pycot
896 4483 985 4542 tenet
1001 4480 1064 4541 tria
1077 4480 1240 4563 quarteria
1255 4483 1289 4542 91
1305 4480 1349 4543 di.
1366 4480 1406 4543 (19
1421 4478 1585 4542 Willelmo
1600 4479 1640 4541 de
1656 4477 1733 4556 Ros,
1748 4482 1783 4542 et
1798 4477 1983 4546 Willelmus
1997 4479 2037 4543 dc

540 4569 605 4630 Ros
619 4567 659 4630 dc
673 4567 794 4629 comita
810 4566 1013 4645 Maresca110‚
1030 4574 1063 4630 et
1079 4587 1186 4631 comcs
1202 4567 1242 4630 (19
1258 4588 1343 4653 rege.

581 4719 1246 4786 1111111101(91Ηο11119101.-Λ1(11919
1275 4719 1412 4796 Marich‚
1443 4720 1588 4803 Rogerus
1617 4717 1647 4780 le
1679 4717 1795 4780 Sutcrc
1826 4723 1860 4781 ct
1888 4723 2038 4782 tenentes

538 4811 801 4871 tenementorum
828 4807 1004 4871 Alexandri
1031 4807 1132 4890 Pycot
1158 4809 1205 4872 di.
1230 4808 1443 4892 quarterium,
1469 4813 1504 4869 et
1530 4813 1645 4868 tenent
1668 4805 1707 4869 ds
1723 4804 1861 4867 Radulio
1877 4804 1989 4888 Pycot,
2003 4811 2035 4869 91

538 4893 696 4956 Radultus
711 4894 751 4956 de
763 4894 926 4958 Willelmo
942 4895 983 4958 (19
1000 4897 1075 4973 Ros,
1086 4901 1120 4958 91
1133 4896 1183 4959 W.
1198 4896 1237 4958 de
1249 4895 1314 4958 Ros
1323 4895 1362 4958 dc
1377 4895 1496 4958 comite
1512 4893 1714 4972 Marescallo,
1727 4897 1762 4955 et
1776 4911 1880 4954 comes
1895 4893 1935 4954 de
1950 4913 2035 4978 rege.

581 5046 906 5113 Borma-comes
917 5047 1127 5111 Marescallus
1139 5055 1174 5111 et
1186 5047 1373 5110 Willelmus
1388 5047 1428 5110 dc
1440 5045 1601 5108 Markesal
1616 5051 1730 5108 tenens
1746 5044 1892 5126 ejusdem
1908 5045 2037 5107 comitis

537 5139 654 5198 tenent
668 5136 709 5196 de
725 5134 819 5199 feodo
834 5133 938 5198 Saicri
954 5136 993 5199 de
1010 5134 1129 5217 Byskel
1145 5136 1179 5197 in
1195 5136 1329 5201 Brsrmu
1344 5155 1448 5197 unum
1462 5133 1664 5216 quarterium
1679 5132 1702 5195 f.
1718 5153 1764 5195 m.

580 5222 735 5285 Priorissa
750 5223 791 5285 (19
806 5220 955 5286 Carehow
971 5227 1062 5286 tenet
1077 5222 1117 5285 (19
1133 5223 1281 5305 predicto
1296 5223 1415 5285 comite
1442 5221 1480 5283 (19
1505 5221 1618 5284 eodem
1644 5219 1737 5282 feodo
1763 5220 1797 5281 in
1821 5218 1935 5280 eadem
1959 5218 2036 5280 villa

538 5331 639 5373 unum
655 5311 855 5393 quarterium
870 5317 904 5372 et
917 5311 963 5374 di.

581 5397 742 5461 Johannes
766 5399 806 5459 dc
828 5396 993 5480 Norwyco‚
1019 5395 1166 5475 clericus,
1183 5402 1218 5459 et
1233 5400 1385 5459 tenentes
1408 5397 1458 5459 sui
1484 5399 1598 5460 tenent
1622 5393 1663 5456 (19
1689 5392 1837 5476 predicto
1862 5393 1979 5454 comite
1994 5391 2034 5453 de

538 5485 630 5549 feodo
645 5484 790 5567 predicto
804 5504 906 5547 unum
922 5485 1133 5567 quarterium.

582 5572 689 5636 Abbas
712 5572 752 5633 de
777 5570 943 5654 Langgele
969 5577 1061 5634 tenet
1086 5572 1126 5634 de
1150 5572 1264 5634 eodem
1280 5571 1399 5634 comite
1414 5570 1453 5634 de
1468 5568 1561 5632 feodo
1575 5569 1720 5652 predicto
1734 5567 1778 5631 di.
1796 5567 1994 5650 quarterium
2012 5566 2034 5631 f.

581 5719 626 5781 Et
641 5717 804 5801 predictus
818 5737 925 5782 comes
941 5717 1148 5782 Marcscallus
1164 5724 1258 5782 tenet
1272 5722 1383 5781 totum
1399 5717 1481 5780 illud
1496 5715 1626 5780 feodum
1642 5714 1682 5778 de
1697 5714 1828 5776 domino
1842 5732 1929 5794 rege.

583 5865 966 5935 {immensu-Hares
980 5865 1137 5929 Johannis
1151 5866 1192 5929 (19
1206 5864 1337 5929 Vardun
1353 5869 1445 5930 tenet
1459 5863 1483 5950 j.
1500 5863 1523 5927 1.
1539 5883 1584 5930 m.
1600 5863 1640 5926 (19
1666 5861 1784 5925 comite
1811 5858 2035 5937 Mareschalio,

538 5959 572 6019 et
586 5973 691 6018 comes
705 5951 937 6017 Mareschallus
952 5953 991 6016 de
1006 5972 1094 6038 rege.
