5000 7050
758 423 776 434 -
808 426 820 435 .
906 423 916 432 .
953 423 959 435 r
1007 423 1106 439 ·=v,-=
1139 423 1470 469 .·4.=st.‚4·d,
1508 425 1624 452 '¹·.‘,..,
1677 423 1792 453 ,722
1817 423 2012 462 “ligr-„tr
2032 426 2274 459 Μ’,

1143 1137 1225 1203 al).
1251 1141 1346 1206 1428.
1928 1149 1991 1215 568

533 1420 695 1486 Walterus
720 1420 809 1488 Eton
833 1427 869 1486 et
893 1423 1053 1488 Robertus
1079 1425 1291 1512 Wyrmegeye
1320 1433 1437 1493 tenent
1460 1450 1564 1495 unum
1594 1433 1798 1517 quarterium
1828 1435 1852 1500 f.
1879 1456 1924 1501 m.
1955 1437 1991 1501 in

488 1509 822 1682 ffiffqrfflquuw
836 1530 941 1596 nuper
955 1511 1022 1576 fuit
1034 1510 1193 1579 Johaunis
1208 1516 1338 1599 Gynne‚
1353 1522 1387 1581 et
1403 1519 1553 1596 aliorum,
1567 1521 1747 1586 inmediate
1761 1522 1802 1586 de
1816 1519 1991 1588 heredibus

534 1751 719 1816 Willelmus
733 1752 857 1838 Leygh‚
866 1755 972 1834 miles,
981 1761 1076 1822 tenet
1091 1777 1195 1823 unum
1208 1760 1411 1841 quarterium
1426 1761 1449 1826 s.
1462 1783 1507 1827 m.
1517 1763 1553 1824 in
1572 1763 1798 1831 susurronum
1814 1765 1992 1830 inmediate

488 1837 530 1902 ds
544 1838 716 1904 heredibus
731 1838 889 1905 Johannis
905 1842 1056 1928 Segrave.
1672 1901 1675 1908 .

490 1977 717 2151 Mlgitigqqlmus
731 1978 846 2066 Leygh
861 1985 954 2046 tenet
968 1981 992 2067 j.
1008 1983 1032 2048 i.
1049 2005 1094 2050 m.
1109 1983 1144 2049 in
1161 1985 1389 2055 susurrum
1404 1989 1583 2056 inmediate
1597 1991 1638 2056 de
1658 1989 1846 2080 [heredibus
1868 1991 1992 2057 Thome

533 2203 692 2305 Magister
706 2202 747 2266 de
762 2203 978 2306 Metyngham
999 2211 1093 2272 tenet
1117 2230 1220 2274 unum
1243 2215 1441 2296 quarterium
1469 2215 1492 2280 f.
1509 2237 1554 2282 m.
1580 2217 1614 2280 in
1642 2217 1882 2296 susurronum,
1905 2221 1990 2306 quod

489 2311 593 2377 nuper
603 2291 667 2354 furt
683 2289 705 2356 J
705 2288 843 2354 ohannis
858 2293 897 2356 ds
912 2292 1070 2374 Norsrioo‚
1083 2297 1265 2362 inmediate
1279 2298 1320 2363 de
1335 2301 1429 2365 feodo
1442 2304 1641 2371 Arundellie.

534 2439 680 2503 Heredes
704 2437 839 2503 Roberti
864 2439 1040 2503 Yelverton
1063 2445 1177 2506 tenent
1200 2445 1235 2506 in
1250 2443 1451 2514 Yauvnaron
1467 2469 1571 2514 unum
1588 2452 1790 2536 quarterium
1805 2453 1828 2516 i
1844 2475 1889 2519 m.
1905 2454 1991 2537 quod

490 2549 595 2612 nuper
609 2526 675 2590 fuit
689 2525 847 2594 Iohannis
861 2524 1052 2610 Grymbald,
1067 2529 1249 2595 inmediate
1264 2533 1305 2595 de
1319 2531 1488 2600 heredibus
1503 2537 1668 2602 Edmundi
1684 2538 1935 2624 Baoonesthorp.

535 2673 642 2737 Iidem
671 2669 811 2735 heredes
839 2675 931 2736 tenet
959 2674 994 2734 in
1023 2670 1223 2740 Yanrnurorr
1254 2695 1358 2740 unum
1387 2675 1589 2759 quarterium
1619 2678 1641 2742 i.
1666 2699 1711 2746 m.
1739 2681 1921 2747 inmediate
1949 2683 1990 2748 de

490 2761 660 2826 heredibus
675 2757 798 2824 Oliveri
815 2758 924 2843 Wyth.

535 2917 696 2980 Robertus
722 2912 881 2978 Stonham
905 2920 998 2979 tenet
1017 2914 1047 3000 j.
1062 2915 1087 2982 i.
1103 2937 1149 2982 m.
1174 2917 1211 2979 in
1239 2915 1474 2996 simmam,
1499 2915 1586 3000 quod
1609 2938 1715 3003 snper
1740 2919 1806 2986 init
1832 2920 1991 2988 Iohannis

490 3003 633 3082 verdon,
645 3001 825 3067 inmediate
839 3000 881 3065 de
895 3000 1068 3066 heredibus
1083 3003 1240 3069 Iohannis
1257 3003 1405 3088 Segrars.

537 3155 731 3231 Willelmus,
745 3173 852 3217 eomes
877 3151 1045 3232 Suffolkis,
1059 3158 1152 3218 tenet
1177 3153 1215 3216 in
1240 3154 1464 3221 Saxnrnonarr
1490 3153 1535 3218 di.
1557 3153 1581 3220 f.
1605 3176 1650 3220 rn.
1677 3155 1764 3239 quod
1792 3175 1897 3241 nuper
1925 3157 1991 3224 luit

491 3242 679 3310 Elisabethe
694 3241 734 3304 de
748 3242 863 3305 Monte
878 3241 994 3321 heuto,
1011 3241 1189 3306 inmediate
1204 3241 1246 3304 de
1261 3241 1432 3306 heredibus
1446 3240 1603 3309 Willelmi
1617 3242 1738 3326 Vesoy.

535 3398 728 3474 Willelmus,
743 3414 849 3459 eomes
866 3391 1034 3472 Suffollrie,
1048 3399 1143 3458 tenet
1164 3395 1199 3458 in
1224 3394 1449 3462 Saxnruonan
1470 3414 1573 3458 unum
1587 3397 1786 3479 quarterium
1803 3398 1826 3463 f.
1843 3419 1889 3464 m.
1905 3399 1992 3483 quod

492 3482 972 3643 ihlffiffihffigfft’opffiff
987 3481 1028 3547 de
1042 3482 1193 3566 Heydon‚
1207 3488 1242 3546 et
1265 3482 1387 3547 'rhome
1402 3480 1537 3561 Brewes,
1559 3483 1739 3548 inmediate
1762 3485 1804 3549 ds
1820 3483 1992 3552 heredibus

536 3727 699 3793 Robertus
723 3725 880 3789 Stonham
902 3728 1000 3788 tenet
1022 3724 1060 3788 in
1085 3724 1309 3792 Saxumonsn
1336 3722 1382 3787 di.
1398 3723 1423 3787 f.
1439 3744 1484 3789 m.
1508 3723 1596 3809 quod
1620 3743 1728 3809 nuper
1752 3724 1817 3789 fuit
1834 3725 1993 3794 Iohannis

492 3816 632 3882 Gosford
646 3819 682 3878 et
696 3812 817 3895 Rogeri
831 3810 1019 3895 Hardegrey
1033 3811 1213 3876 inmediate
1226 3809 1267 3874 de
1281 3808 1453 3874 heredibus
1468 3810 1626 3879 Willelmi
1640 3810 1681 3877 de
1701 3812 1815 3876 Monte
1830 3816 1947 3881 Aouto.

536 3969 696 4034 Robertus
719 3964 845 4031 Hullolr
868 3969 905 4028 et
928 3963 1114 4032 Willelmus
1140 3962 1354 4049 Byllyngiord
1380 3969 1497 4027 tenent
1521 3963 1557 4026 iu
1583 3962 1819 4045 Sumuntur,
1836 3967 1944 4037 srora
1958 3976 1991 4034 et

495 4060 696 4126 Suorasnan
725 4055 771 4117 di.
798 4053 823 4117 f.
850 4072 896 4117 m.
924 4052 1010 4136 quod
1037 4070 1143 4135 nuper
1172 4050 1238 4114 tuit
1269 4050 1426 4135 Stephani
1457 4051 1624 4135 Langetot
1652 4058 1686 4115 et
1716 4054 1850 4119 Roberti
1879 4056 1991 4141 Mayn,

492 4144 672 4209 inmediate
686 4141 727 4204 de
741 4141 862 4204 eomite
876 4138 1090 4203 Glouoestrie.

535 4296 722 4366 Willelmus
736 4292 949 4379 Byllyngtord
963 4295 1054 4357 tenet
1068 4292 1105 4355 iu
1122 4292 1231 4359 Sroun
1245 4310 1349 4355 unum
1363 4292 1565 4375 quarterium
1580 4290 1605 4358 f.
1621 4313 1666 4357 rn.
1690 4293 1777 4375 quod
1800 4312 1905 4379 nuper
1928 4296 1993 4363 fuit

493 4386 650 4455 Iohannis
664 4383 706 4446 ds
721 4382 751 4444 N
753 4383 877 4459 orrrioo‚
893 4380 1074 4445 inmediate
1087 4382 1129 4444 de
1144 4377 1317 4443 heredibus
1334 4378 1452 4462 Rogeri
1467 4380 1600 4445 eurson.

536 4537 629 4601 Idem
643 4531 829 4601 willelmus
844 4530 1057 4615 ByllyngIord
1070 4536 1164 4594 tenet
1177 4531 1213 4594 in
1231 4530 1339 4597 Srosu
1354 4548 1456 4593 unum
1479 4531 1681 4615 quarterium
1704 4528 1728 4595 f.
1744 4550 1790 4596 m.
1805 4531 1891 4617 quod
1912 4530 1994 4619 [fuit

492 4619 665 4708 heredum]
686 4619 809 4683 Thorne
824 4617 1008 4703 Rylryngal‚
1021 4618 1204 4682 inmediate
1218 4618 1260 4680 de
1274 4615 1447 4679 heredibus
1461 4616 1621 4685 WIllelmi
1636 4617 1783 4685 Talbote.

537 4776 630 4842 Idem
654 4770 837 4842 Willelmus
867 4776 957 4834 tenet
982 4772 1018 4832 iu
1050 4770 1158 4837 Srosa
1186 4789 1290 4832 unum
1320 4770 1522 4853 quarterium
1552 4770 1575 4835 f.
1603 4790 1648 4834 m.
1679 4771 1765 4854 quod
1794 4792 1898 4857 nuper
1927 4773 1993 4839 fuit

493 4863 674 5017 Εῗξθῗᾶἳὲ
708 4860 748 4924 de
785 4859 932 4922 Norwieo
967 4859 1148 4922 inmediate
1184 4857 1225 4920 de
1257 4857 1399 4941 Hugone
1436 4856 1541 4921 Peohe
1579 4863 1614 4920 et
1644 4855 1833 4945 heredibus]
1868 4859 1992 4927 Th0m0

535 5081 729 5149 Edmundus
758 5078 836 5164 Caly
865 5083 959 5143 tenet
988 5097 1091 5142 unum
1120 5080 1321 5162 quarterium
1350 5079 1375 5143 i.
1399 5099 1445 5144 m.
1475 5079 1510 5141 ln
1541 5078 1666 5157 nasos,
1690 5080 1776 5162 quod
1800 5082 1993 5166 superfuit

494 5174 653 5242 Johannis
687 5166 849 5255 [Berneye
878 5169 914 5230 et
941 5165 1102 5233 Willelmi
1138 5166 1270 5244 Cotton,
1299 5166 1470 5251 capellani,
1505 5166 1685 5232 inmediate
1723 5166 1764 5231 de
1801 5166 1986 5256 heredibus]

494 5258 653 5331 Willelmi
666 5257 763 5320 Boos.

537 5396 697 5459 Robertus
721 5390 834 5460 White
859 5396 954 5454 tenet
981 5390 1029 5457 di.
1044 5392 1069 5455 f.
1087 5412 1134 5459 m.
1161 5393 1195 5454 in
1226 5392 1438 5471 Snoussnars,
1466 5390 1552 5475 quod
1589 5387 1707 5477 [nuper
1736 5387 1803 5454 fnit
1832 5389 1993 5458 Iohannis

495 5485 696 5547 Mautravers
710 5480 888 5544 inmediate
902 5479 942 5542 de
957 5476 1131 5542 heredibus
1146 5476 1304 5546 Iohannis
1320 5476 1492 5565 Segrave]

536 5635 630 5698 Idem
646 5632 806 5696 Robertus
820 5637 912 5695 tenet
927 5630 962 5693 in
980 5630 1088 5698 Sronn
1103 5651 1207 5695 unum
1221 5634 1424 5714 quarterium
1439 5632 1463 5698 f.
1476 5652 1522 5696 m.
1539 5628 1624 5716 quod
1637 5647 1741 5714 nuper
1754 5628 1821 5694 fuit
1837 5629 1994 5699 Iohannis

494 5719 714 5808 Mout[ravers
728 5720 905 5783 inmediate
920 5718 961 5781 de
976 5715 1149 5782 heredibus
1164 5718 1300 5783 Roberti
1315 5716 1522 5806 Tateshale]

543 5868 735 5961 [Walterus]
757 5870 846 5935 Etou
868 5872 1016 5935 tenetis
1040 5871 1194 5938 Bussnun
1220 5892 1325 5935 unum
1350 5874 1553 5956 quarterium
1579 5871 1603 5936 f.
1621 5892 1665 5936 m.
1692 5866 1779 5953 qnod
1803 5872 1993 5953 superfuit

493 5963 627 6025 Henrioi
648 5958 797 6047 [persone
812 5958 945 6023 eoolesie
961 5959 1001 6022 de
1015 5958 1166 6043 Byskele,
1181 5959 1360 6024 inmediate
1375 5958 1415 6023 de
1430 5960 1602 6024 heredibus
1618 5955 1775 6027 JohannIs
1790 5954 1964 6047 Segrave]
