5000 7050
1222 1098 1356 1167 ΚΕΝΤ.

1065 1389 1287 1456 Hunnanunrr
1309 1412 1353 1455 ms
1376 1390 1516 1455 HEAN.

578 1550 625 1612 De
639 1549 761 1613 Jacobo
777 1550 817 1613 de
833 1551 958 1613 Audele
974 1572 1032 1633 pro
1041 1552 1069 1633 j.
1086 1552 1110 1617 f.
1124 1549 1189 1638 [et]
1201 1554 1226 1637 j.
1243 1555 1408 1636 quarterio
1422 1554 1446 1638 j.
1464 1556 1488 1619 f.
1506 1576 1569 1639 que
1584 1554 1751 1621 Johanues
1766 1556 1806 1621 de
1822 1555 2037 1623 columbariis

534 1636 644 1701 tenuit
659 1638 745 1719 apud
762 1638 955 1704 Possnurno
969 1639 1010 1702 de
1026 1637 1144 1703 honore
1159 1642 1200 1705 de
1214 1640 1345 1705 Pertico
1369 1682 1887 1696 ------
1975 1646 1997 1711 l.
2009 1666 2036 1710 s.

576 1773 624 1838 De
637 1774 880 1860 archiepiscopo
896 1775 1124 1841 cantuariensi
1140 1799 1199 1862 pro
1213 1778 1238 1866 1’.
1256 1778 1279 1845 f.
1297 1780 1383 1864 apud
1401 1781 1601 1849 siarawons
1616 1781 1657 1845 de
1672 1782 1792 1845 honore
1808 1782 1847 1845 de
1863 1782 2002 1933 Pertiop.

1953 1892 1973 1933 x
1989 1893 2034 1939 .e.

576 1976 623 2040 De
639 1976 752 2040 eodem
767 1976 1005 2062 archiepiscopo
1020 2000 1076 2061 pro
1090 1978 1142 2061 iij·
1162 1985 1253 2062 parte
1268 1980 1293 2066 j.
1307 1981 1331 2046 f.
1349 1982 1434 2064 apud
1450 1982 1588 2047 Thoana
1605 1981 1645 2045 de
1661 1983 1776 2047 eodem
1794 1980 1925 2047 honore.

1877 2092 2034 2153 jouarre.

576 2202 625 2263 De
650 2200 808 2265 Nioholao
836 2208 892 2266 ate
917 2201 1073 2268 Morhalle
1098 2227 1158 2289 pro
1184 2208 1251 2270 lxx·
1281 2212 1373 2291 parte
1396 2207 1423 2291 j.
1450 2208 1473 2273 f.
1502 2207 1588 2293 apud
1616 2207 1666 2274 La
1697 2208 1914 2286 Barrswosa
1937 2229 2035 2291 quam

533 2288 717 2352 Willelmus
732 2290 849 2374 Edewy
864 2292 972 2354 tenuit
985 2293 1019 2354 in
1038 2293 1240 2361 Samuwona
1257 2295 1297 2359 de
1312 2293 1554 2380 archiepiscopo
1566 2295 1846 2380 CautuarIensivj.
1858 2298 1889 2361 ci.
1921 2298 1969 2361 ob.
1983 2306 2033 2381 φ’.

574 2426 624 2489 De
638 2425 763 2490 Thema
777 2428 818 2490 de
835 2427 994 2492 Brokhull
1008 2450 1066 2513 pro
1080 2431 1116 2513 ij.
1134 2432 1282 2515 partibus
1292 2432 1320 2516 j.
1338 2432 1361 2496 f.
1379 2452 1460 2514 quas
1478 2431 1658 2496 Willelmus
1684 2433 1724 2495 de
1742 2431 1898 2495 Brokhull
1925 2435 2035 2497 tenuit

529 2515 565 2577 in
581 2515 721 2581 Thoana
735 2517 817 2579 etin
835 2516 1037 2584 Saurawona
1052 2519 1091 2581 de
1106 2517 1346 2604 archiepiscopo
1362 2518 1585 2583 cantuariensi
1661 2560 1672 2571 -
1760 2521 1847 2605 xxvj.
1860 2541 1887 2585 s.
1905 2520 1986 2606 viiij.
1998 2523 2031 2588 d.

655 2652 890 2739 Summa-vj.
902 2652 940 2719 li.
957 2674 1025 2719 ma.
1042 2656 1086 2740 vj.
1097 2657 1129 2721 ri.
1147 2658 1194 2721 ob.
1212 2666 1246 2740 φ
1265 2678 1322 2741 pro
1337 2658 1387 2742 iij.
1405 2656 1428 2721 f.
1443 2658 1467 2742 j.
1485 2658 1647 2742 quarterio
1663 2658 1731 2720 lxx·
1748 2664 1840 2740 parte
1854 2659 1879 2742 j.
1898 2658 1921 2723 f.

1037 2896 1259 2963 Hunnnanun
1284 2918 1328 2961 nn
1352 2896 1532 2962 ΗΑΜΜΕ.

575 3030 624 3092 De
640 3029 805 3094 Willelmo
831 3031 872 3093 de
888 3028 1039 3094 Oriaston
1054 3051 1112 3115 pro
1126 3032 1162 3116 ij.
1178 3030 1203 3095 f.
1218 3051 1283 3115 que
1299 3030 1484 3094 Willelmus
1500 3030 1633 3113 Martyn
1660 3032 1769 3093 tenuit
1795 3031 1827 3093 in
1859 3030 2030 3097 Onuasrou

531 3118 572 3182 de
586 3116 706 3182 honore
720 3118 761 3181 de
777 3117 951 3204 Haghenet
1007 3156 1830 3171 ---------
1919 3120 1981 3203 iiij.
1993 3118 2032 3184 li.

574 3257 623 3320 De
640 3227 766 3319 eodem
790 3255 954 3319 Willeimo
979 3276 1037 3340 pro
1062 3257 1192 3341 xxxiiij·
1218 3262 1310 3341 parte
1347 3257 1391 3321 di.
1420 3256 1444 3320 f.
1471 3255 1606 3333 ibidem,
1643 3276 1739 3341 quarn
1778 3256 1960 3320 Willelmus
1991 3258 2031 3321 de

530 3344 722 3429 Sylesbregg
737 3344 844 3406 tenuit
858 3343 898 3407 de
913 3344 1031 3407 honore
1045 3345 1086 3407 de
1102 3344 1245 3425 Pertioo,
1262 3345 1349 3407 unde
1364 3344 1529 3407 residuum
1547 3343 1626 3406 dicti
1642 3345 1687 3407 di.
1705 3344 1728 3407 f.
1746 3349 1796 3406 est
1813 3345 1846 3406 in
1864 3343 2033 3409 hundredo

530 3433 570 3496 de
584 3429 814 3495 Newechirche
829 3431 865 3493 iu
880 3434 944 3494 isto
958 3431 1051 3509 laeto,
1069 3440 1104 3495 et
1119 3433 1155 3494 in
1171 3431 1340 3497 hundredo
1357 3431 1397 3494 de
1413 3429 1638 3494 Blakebourne
1652 3432 1686 3494 in
1703 3430 1786 3494 lasto
1801 3432 1842 3495 de
1857 3430 1934 3495 Sora
1948 3519 1969 3535 ..

780 3607 1035 3693 Summa-iiij.
1047 3610 1082 3674 li.
1103 3608 1158 3692 vij.
1170 3609 1204 3679 ri.
1220 3628 1279 3693 pro
1296 3605 1332 3690 ij
1350 3607 1373 3672 f.
1388 3613 1423 3670 et
1438 3607 1570 3691 xxxiiij·
1586 3611 1678 3689 parte
1694 3607 1739 3672 di.
1755 3605 1780 3672 f.
1925 3541 1982 3605 vu·
1996 3520 2028 3585 d·

1006 3847 1227 3912 Hunnasnun
1250 3867 1295 3911 na
1321 3845 1563 3913 STOUTYNG.

572 3983 621 4047 De
637 3987 740 4067 priore
754 3986 795 4048 de
812 3985 937 4047 Horton
953 4005 1010 4068 pro
1024 3985 1048 4069 j.
1066 3985 1089 4048 i.
1106 3985 1142 4049 in
1158 3985 1299 4050 Honrors
1314 3989 1348 4048 et
1364 3985 1497 4048 Traron
1513 3983 1552 4046 de
1567 3988 1672 4046 castro
1690 3982 1841 4046 Dovorrie
1944 3981 1987 4046 xl.
1999 4001 2027 4046 s.

573 4124 622 4185 De
639 4122 761 4185 Thema
776 4122 816 4185 de
833 4122 937 4186 Aldon
953 4143 1011 4207 pro
1025 4124 1049 4209 j.
1068 4125 1090 4187 f.
1108 4123 1191 4207 quod
1208 4121 1374 4186 Christina
1390 4122 1589 4207 Heryngaud
1606 4121 1714 4184 tenuit
1729 4121 1763 4183 in
1792 4121 1966 4187 Srouauno
1989 4121 2029 4184 de

527 4210 645 4273 honore
661 4210 701 4274 de
717 4211 809 4295 Augu
919 4247 1856 4262 ----------
1947 4207 1992 4272 xl.
2002 4228 2028 4271 s.

573 4346 622 4411 De
647 4345 771 4411 Thema
796 4348 933 4431 Aldelyn
959 4370 1014 4432 per
1040 4369 1172 4412 uxorem
1198 4370 1300 4426 suam,
1325 4348 1429 4411 filiam
1456 4347 1589 4410 Waresii
1618 4347 1659 4410 de
1674 4347 1849 4431 Valoygns‚
1877 4366 1935 4429 pro
1950 4343 2029 4427 iijbas

440 4509 455 4522 ,-
528 4436 674 4519 partibus
701 4437 857 4520 quarterii
883 4437 908 4521 j.
936 4436 958 4500 f.
988 4457 1086 4521 quarn
1120 4435 1304 4520 Stephanus
1331 4435 1455 4500 Gerard
1490 4437 1601 4499 tenuit
1627 4436 1662 4497 in
1693 4434 1809 4500 Lases
1841 4433 1881 4497 de
1909 4431 2029 4511 honore

529 4523 723 4605 Malmayns,
736 4529 771 4586 et
785 4524 853 4606 ipse
867 4524 908 4587 de
930 4532 1037 4587 castro
1059 4524 1214 4588 Dovorrie
1310 4565 1321 4576 -
1414 4564 1424 4576 -
1516 4563 1527 4574 -
1619 4563 1630 4574 -
1722 4562 1732 4573 -
1822 4521 1872 4605 iij.
1886 4541 1912 4585 a.
1936 4520 1980 4585 ix.
1994 4521 2026 4584 (i.

569 4660 618 4724 De
634 4661 777 4724 Hearioo
792 4661 832 4723 de
848 4661 956 4725 Hante
970 4683 1028 4743 pro
1042 4670 1107 4744 nrJ·
1125 4667 1216 4747 parte
1232 4663 1277 4728 di.
1294 4661 1450 4745 quarterii
1482 4660 1505 4744 j.
1518 4659 1542 4724 f.
1553 4681 1650 4743 quam
1663 4659 1845 4723 Willelmus
1861 4659 1901 4722 de
1916 4658 2027 4721 Hanie

525 4749 635 4811 tenuit
649 4749 684 4812 in
699 4749 840 4815 Leaena
855 4749 895 4812 de
910 4751 1055 4833 predicto
1069 4751 1224 4831 Henrioo,
1239 4756 1390 4832 utsupra
1426 4787 1842 4800 -----
1932 4765 1983 4809 xv.
1995 4746 2025 4809 ci.

571 4886 619 4950 De
645 4887 761 4950 eodem
789 4888 928 4951 Henrico
953 4909 1010 4971 pro
1029 4889 1057 4973 j.
1084 4889 1247 4974 quarterio
1271 4888 1293 4970 j.
1318 4886 1342 4952 f.
1366 4884 1452 4971 quod
1476 4885 1640 4968 predictus
1669 4884 1853 4948 Willelmus
1869 4883 1977 4948 tenuit
1991 4883 2026 4944 in

528 4974 745 5042 Wonannaaa
760 4976 800 5038 de
813 4974 1051 5060 archiepiscopo
1066 4975 1292 5041 cantuariensi
1346 5011 1868 5026 ------
1956 4991 1988 5038 x.
1997 4990 2024 5034 s.

856 5111 1154 5199 Summa-iiij.li.
1169 5135 1220 5178 xv.
1229 5134 1257 5180 s.
1276 5133 1333 5196 pro
1349 5113 1386 5197 ij.
1402 5111 1424 5175 i.
1441 5110 1507 5195 iiij·
1525 5117 1617 5195 parte
1632 5111 1656 5196 j.
1678 5110 1701 5173 i.

1008 5329 1229 5395 Hunnasnuu
1250 5349 1293 5394 nn
1319 5327 1504 5395 STRETE.

571 5467 614 5528 Et
640 5486 702 5529 non
729 5466 868 5530 reddunt
895 5467 935 5530 de
961 5486 1048 5530 aas,
1076 5486 1134 5549 pro
1156 5466 1202 5530 di.
1218 5463 1243 5531 f.
1260 5465 1346 5548 quod
1373 5466 1460 5543 prior
1484 5463 1596 5528 Sancti
1618 5461 1778 5526 Johannis
1794 5459 1976 5524 Jerusalem
1990 5462 2024 5523 in

527 5555 647 5637 Anglia
670 5555 779 5617 tenuit
803 5555 839 5616 in
864 5554 1044 5620 Borissos
1065 5555 1105 5616 de
1129 5573 1220 5638 rege,
1242 5575 1301 5636 per
1327 5552 1424 5618 breve
1450 5553 1548 5638 regis,
1573 5551 1666 5636 eujus
1691 5550 1924 5633 transcriptum
1949 5547 2026 5611 huic

527 5642 634 5706 rotulo
646 5641 855 5706 attachiatur.

568 5779 618 5845 De
633 5780 732 5844 Petro
746 5778 890 5843 Beeaunt
905 5798 962 5862 pro
976 5778 1002 5863 j.
1016 5781 1178 5863 quarterio
1187 5779 1214 5865 j.
1230 5781 1258 5846 i.
1279 5780 1366 5864 quod
1390 5778 1419 5841 N
1423 5777 1568 5842 ioholaus
1595 5777 1635 5840 de
1662 5775 1834 5858 Bonynton
1858 5773 1967 5838 tenuit
1989 5774 2024 5858 in

527 5870 706 5935 Bonmrors
721 5867 763 5931 de
777 5867 865 5930 dieto
880 5868 987 5949 priore
1039 5907 1051 5919 -
1141 5907 1153 5920 -
1242 5908 1254 5922 -
1344 5891 1358 5920 a
1447 5901 1866 5919 -----
1953 5865 2025 5932 κὴ.
