5000 7050
1097 1110 1179 1179 al).
1206 1116 1300 1178 1431.
1903 1115 1943 1175 to

474 1398 574 1480 Item,
602 1401 787 1469 Nioholaus
810 1405 998 1487 Brokhuile,
1022 1407 1064 1471 de
1089 1406 1263 1485 saltwode,
1287 1406 1436 1490 armiger,
1461 1404 1526 1468 fuit
1550 1406 1678 1469 seisitus
1705 1410 1766 1468 etc.
1783 1404 1823 1467 de
1849 1404 1944 1466 certis

432 1488 539 1637 {3312
539 1488 579 1637 {n
595 1492 716 1556 eodem
733 1494 896 1559 hundredo
910 1498 1013 1559 tentis
1028 1496 1063 1559 in
1079 1494 1288 1601 gavilkende,
1304 1515 1366 1577 que
1383 1493 1492 1558 valent
1507 1514 1564 1576 per
1578 1512 1701 1557 anuum
1727 1498 1789 1557 eto.
1813 1499 1944 1555 uentum

480 1662 527 1726 Et
539 1662 642 1729 habet
656 1665 751 1748 alibi,
768 1673 802 1734 et
816 1669 857 1733 de
872 1668 978 1733 valore
992 1670 1154 1755 ignorant.

483 1800 580 1878 Item,
609 1803 776 1884 predictus
805 1806 961 1871 Ricardus
991 1808 1031 1871 de
1069 1806 1192 1871 Oumbe
1228 1806 1294 1870 fuit
1326 1806 1456 1869 seisitus
1493 1810 1556 1869 etc.
1589 1806 1629 1868 de
1658 1807 1754 1869 certis
1784 1806 1879 1868 terris
1909 1807 1943 1867 et

434 1892 636 1953 tenementis
649 1893 737 1974 apud
753 1894 850 1958 Duru
865 1895 901 1958 in
916 1893 1033 1959 eodem
1050 1892 1230 1973 hundredo,
1245 1895 1350 1958 tentis
1364 1895 1397 1957 in
1426 1893 1632 1978 gavilkende,
1657 1914 1718 1977 que
1745 1893 1853 1956 valent
1879 1897 1942 1956 etc.

436 1984 574 2040 centum
589 1978 718 2043 solidos.

482 2063 528 2127 Et
548 2061 675 2151 [habet]
696 2066 786 2145 alibi,
802 2073 864 2134 etc.

483 2201 582 2279 Item,
607 2200 743 2267 heredes
770 2204 928 2269 Johuunis
955 2206 1070 2271 stte
1094 2207 1135 2270 de
1161 2206 1302 2285 Plokele,
1329 2206 1492 2290 armigeri,
1515 2204 1649 2269 fuerunt
1672 2206 1776 2269 seisiti
1792 2205 1831 2268 de
1847 2206 1943 2269 certis

435 2289 535 2351 terris
560 2289 646 2372 apud
672 2292 796 2357 Bowsu
822 2295 859 2355 in
884 2293 1000 2357 eodem
1026 2293 1205 2373 hundredo,
1230 2296 1332 2359 tentis
1357 2296 1392 2357 in
1420 2292 1626 2376 gavilkende,
1654 2314 1716 2379 que
1740 2293 1853 2356 valent
1878 2298 1941 2357 etc.

433 2376 656 2461 quadraginta
670 2378 802 2445 solidos.

482 2462 526 2526 Iit
542 2462 662 2528 habent
675 2467 769 2544 aiibi,
783 2472 846 2532 otc.

482 2602 580 2680 Item,
597 2603 782 2669 Willelmus
796 2606 924 2683 flaute,
942 2605 981 2669 de
998 2606 1135 2684 Boume,
1151 2608 1307 2691 armiger,
1325 2607 1389 2669 fuit
1414 2606 1545 2669 seisitus
1572 2609 1633 2670 etc.
1661 2606 1702 2670 de
1727 2606 1823 2669 certis
1847 2607 1942 2670 terris

434 2690 471 2750 in
486 2690 601 2755 eodem
617 2692 789 2756 hundredo
804 2695 907 2757 tentis
922 2695 959 2757 in
973 2694 1178 2779 gavilkende,
1194 2716 1256 2778 que
1272 2693 1382 2757 valent
1397 2705 1459 2758 etc.
1476 2692 1586 2757 decem
1603 2694 1709 2758 libras.

477 2776 520 2841 Et
534 2778 634 2843 habet
648 2779 743 2859 alibi,
758 2785 820 2845 etc.

473 2916 571 2994 Item,
598 2917 755 3001 predicta
776 2917 924 2982 Elisabet
950 2919 1014 2982 fuit
1039 2918 1152 2982 seisita
1178 2924 1240 2983 etc.
1267 2919 1307 2981 de
1332 2920 1428 2982 certis
1451 2920 1545 2982 terris
1569 2920 1603 2982 in
1631 2918 1746 2983 eodem
1762 2916 1941 2996 hundredo,

427 3005 526 3069 tentis
539 3007 578 3069 in
593 3005 811 3091 gavilkeude,
826 3026 889 3090 que
905 3006 1015 3070 valent
1030 3012 1093 3071 ete.
1110 3013 1245 3069 centum
1264 3005 1392 3071 solidos.

462 3092 508 3157 Et
523 3091 629 3159 habet
647 3093 743 3172 alibi,
761 3098 823 3158 etc.

454 3231 501 3295 Et
516 3230 671 3296 ulterius
682 3230 848 3313 juratores
861 3230 1003 3313 predicti
1026 3228 1155 3317 [dicunt
1170 3231 1257 3316 quod
1272 3231 1497 3314 prenominate
1512 3227 1663 3316 persone]
1679 3242 1735 3295 etc.
1749 3254 1784 3295 as
1801 3230 1912 3313 before.

872 3645 1110 3736 [Hurnasuun
1134 3671 1177 3717 nu
1200 3645 1511 3736 LUNEBERGH.]

455 3865 652 3951 Inquisicio
678 3860 842 3926 hundredi
869 3864 909 3927 de
935 3863 1131 3949 Lunebergh
1156 3871 1252 3948 capta
1278 3865 1363 3948 apud
1390 3864 1507 3927 Etham
1534 3863 1586 3926 die
1601 3862 1692 3927 Jovis
1706 3863 1852 3944 proximo
1867 3872 1939 3945 post

413 3954 541 4017 testum
557 3950 835 4015 Circumcisionis
850 3950 996 4032 Domini,
1019 3973 1104 4016 anuo
1130 3954 1223 4038 regui
1246 3955 1332 4035 regis
1360 3951 1491 4014 Henrici
1517 3952 1602 4014 sexti
1629 3955 1702 4034 post
1726 3958 1938 4035 conquestum

420 4041 560 4118 decimo,
591 4057 710 4101 coram
740 4035 889 4101 Johanne
921 4039 1047 4102 Pecche
1090 4046 1157 4118 (etc.
1198 4064 1234 4104 aa
1272 4041 1399 4122 before),
1435 4059 1491 4122 per
1531 4041 1765 4102 sacramentum
1804 4037 1938 4102 Roberti

427 4124 608 4211 Wolirych,
633 4123 764 4189 'l‘home
785 4132 856 4189 atte
883 4125 995 4203 Wode,
1021 4127 1158 4192 Heurici
1185 4127 1331 4210 Gaveyn,
1354 4124 1514 4190 Johaunis
1536 4125 1624 4204 Bret,
1640 4123 1763 4188 Thome
1778 4124 1937 4204 Junecok‚

429 4215 552 4276 Thome
581 4212 752 4297 Yugrave‚
785 4211 927 4276 Simonis
957 4213 1162 4292 Smothefeu,
1192 4213 1353 4278 Johannis
1391 4213 1523 4292 Sandre,
1551 4212 1710 4274 Willelmi
1747 4211 1937 4296 Brampton,

432 4299 554 4363 'l'home
582 4301 668 4377 Led,
691 4299 817 4363 Thome
839 4300 992 4379 Tainour,
1017 4307 1052 4365 et
1078 4300 1229 4367 Nicholsi
1257 4299 1408 4386 Wregth,
1428 4301 1621 4384 juratorum,
1643 4302 1701 4384 qui
1716 4300 1830 4364 dicunt
1846 4321 1940 4383 super

435 4393 673 4452 sacramentum
688 4407 794 4468 suum,
810 4388 896 4472 quod
910 4389 965 4451 die
982 4389 1121 4452 Veneris
1136 4396 1243 4453 etc.—

475 4525 626 4589 Decauus
641 4523 779 4610 collegii
796 4525 908 4589 Sancti
924 4525 1093 4610 Stephani,
1109 4526 1406 4605 Westmouasterii,
1423 4527 1488 4591 fuit
1503 4526 1634 4590 saisitus
1649 4523 1683 4588 in
1699 4524 1863 4589 dominico
1878 4545 1937 4590 suo

436 4616 472 4676 ut
486 4614 527 4676 de
541 4613 648 4689 feodo,
665 4611 706 4675 de
722 4614 868 4676 manerio
884 4613 925 4676 de
941 4613 1121 4681 Ovunnrrrn
1136 4616 1172 4678 in
1186 4613 1354 4678 hundredo
1376 4613 1533 4698 predicto,
1556 4615 1592 4676 in
1618 4613 1778 4676 comitatu
1801 4612 1936 4692 Kanum,

435 4705 527 4763 tento
541 4721 601 4786 per
617 4701 789 4764 servicium
803 4719 860 4765 un.
875 4699 899 4764 f.
917 4720 962 4765 m.
979 4702 1103 4787 integri
1119 4704 1156 4767 in
1171 4702 1306 4769 Enusu.

476 4835 663 4922 Stephanus
690 4835 875 4921 Cosyngton
898 4837 963 4903 fuit
990 4839 1120 4904 seisitus
1135 4840 1189 4904 die
1204 4846 1268 4906 etc.
1284 4839 1324 4903 de
1339 4839 1386 4904 di.
1402 4836 1425 4902 f.
1442 4838 1658 4922 septadecima
1681 4843 1772 4922 parte
1788 4859 1843 4904 un.
1861 4839 1885 4904 f.
1901 4840 1936 4902 iu

435 4925 569 4994 mrsu
584 4930 620 4988 et
634 4923 791 4992 Mouuru.

476 5065 566 5128 Item
582 5064 708 5144 dicunt,
724 5063 810 5146 quod
832 5065 938 5148 quoad
961 5065 1019 5128 illa
1040 5066 1278 5152 quinquaginta
1296 5063 1391 5129 feoda
1414 5065 1572 5146 militum,
1596 5065 1635 5127 de
1660 5063 1778 5148 quibus
1800 5085 1938 5147 expensa

435 5153 580 5217 miiitum
595 5151 744 5236 ejusdem
758 5155 934 5216 comitatus
949 5152 991 5216 ad
1028 5154 1255 5216 adiumentum
1281 5153 1398 5216 ultime
1421 5159 1552 5216 tentum
1577 5151 1754 5216 electorum
1777 5171 1937 5236 emergere
1973 5199 1974 5202 ,

434 5240 601 5317 deberent,
629 5246 727 5323 prout
755 5240 790 5302 in
820 5239 975 5323 predictis
1004 5174 1125 5304 iitteris
1156 5241 1370 5324 specificatur,
1398 5260 1464 5303 non
1494 5244 1570 5304 sunt
1595 5239 1674 5302 tulis
1701 5239 1863 5303 solomodo
1891 5240 1936 5301 sic

435 5332 563 5391 onerata
576 5329 613 5391 in
628 5327 743 5391 eodem
760 5325 925 5390 hundredo
942 5327 1027 5391 unde
1043 5330 1200 5392 noticiam
1215 5327 1348 5392 habent.

474 5468 569 5548 Item,
596 5465 688 5530 heres
714 5463 860 5549 Philippi
886 5465 1031 5550 Speucer
1054 5467 1120 5531 fuit
1147 5468 1281 5532 seisitus
1303 5468 1356 5532 die
1382 5477 1446 5532 etc.
1463 5466 1504 5530 de
1529 5467 1625 5530 terris
1641 5469 1674 5528 et
1690 5466 1886 5530 tenementis
1899 5467 1935 5528 in

434 5555 569 5635 Smorr,
582 5575 648 5640 que
664 5553 778 5617 valent
793 5553 879 5617 ultra
892 5557 1032 5638 reprisss
1047 5575 1104 5638 per
1120 5575 1254 5642 aunum,
1271 5575 1301 5620 x.
1310 5553 1347 5622 rt.

468 5695 608 5760 Thomas
622 5698 696 5757 atto
711 5690 803 5776 Legh
818 5691 884 5756 suit
898 5693 1030 5757 seisitus
1046 5697 1107 5758 etc.
1126 5694 1169 5758 de
1184 5695 1328 5758 manerio
1356 5692 1398 5757 de
1422 5691 1521 5758 Imus
1546 5692 1582 5755 in
1607 5690 1820 5776 gavylkeude,
1848 5692 1933 5774 quod

428 5785 512 5848 valet
525 5799 739 5870 perannum,
755 5777 829 5845 ruti.
1876 5809 1879 5817 Α

422 5981 429 5996 .
466 5923 630 5990 iohannes
643 5920 758 6003 Denys
773 5921 840 5985 tuit
855 5921 986 5989 seisitus
1002 5926 1065 5985 etc.
1082 5921 1124 5986 de
1139 5920 1234 5988 terris
1249 5923 1284 5986 et
1299 5919 1506 5998 tenementis,
1521 5937 1586 6002 quo
1601 5915 1709 5982 vatent
1723 5921 1785 5980 eto.
1803 5935 1864 5980 aa.
