5000 7050
1139 1070 1222 1137 Ab.
1248 1074 1343 1138 1428.
1931 1072 1994 1139 587

532 1350 687 1415 Ricardns
717 1353 811 1439 Gegh
847 1362 938 1422 tenet
959 1358 1137 1422 inmediste
1164 1360 1205 1423 de
1253 1359 1424 1424 heredibus
1451 1359 1657 1428 Constantini
1685 1359 1726 1422 de
1753 1359 1883 1426 Mortuo
1909 1359 1994 1423 Meri

487 1445 573 1500 certa
587 1443 687 1502 terras
701 1446 734 1504 et
750 1450 938 1508 tenemento
952 1445 987 1508 in
1003 1446 1117 1510 eadem
1132 1467 1192 1530 per
1205 1356 1402 1534 lservicium
1417 1447 1463 1512 di.
1480 1448 1502 1510 s.
1520 1469 1565 1512 m.

532 1565 677 1633 Heredes
698 1571 829 1638 Roberti
851 1575 937 1640 Perk
962 1583 997 1640 et
1021 1575 1124 1664 prior]
1154 1575 1386 1640 monachorum
1414 1575 1602 1641 Thetfordie
1627 1581 1739 1640 tenent
1761 1574 1939 1640 inmediste
1954 1577 1994 1640 de

488 1651 613 1718 Thomu
627 1657 733 1723 Torell
747 1671 835 1726 certe
849 1669 951 1728 terres
967 1671 1001 1729 et
1023 1661 1227 1751 [tenemeute
1242 1665 1278 1728 in
1293 1663 1462 1730 Asmcrou
1478 1685 1533 1748 per
1549 1664 1719 1727 servicium
1735 1663 1781 1725 di.
1797 1660 1820 1724 f.
1837 1683 1882 1728 m.

532 1791 691 1859 Robertus
705 1799 878 1888 Harlyng‚]
899 1802 1001 1881 miles,
1016 1808 1107 1867 tenet
1120 1805 1296 1868 inmediste
1322 1803 1362 1866 de
1386 1803 1535 1886 episcopo
1559 1802 1699 1866 Norwici
1721 1807 1809 1864 certe
1836 1808 1936 1864 terres
1959 1806 1994 1864 et

490 1883 676 1946 tenemento
701 1886 735 1947 in
763 1887 879 1955 Lenos
907 1891 1076 1957 Srnsrrou
1098 1889 1171 1978 [per
1187 1892 1358 1954 servicium
1365 1890 1394 1974 j.
1411 1888 1433 1953 f.
1451 1895 1483 1954 et
1500 1890 1544 1952 di.
1560 1889 1583 1952 f.
1599 1912 1644 1955 m.
1662 1910 1725 1974 que
1740 1888 1770 1951 N
1773 1886 1933 1976 icholsus]
1954 1888 1995 1952 de

489 1964 598 2032 Burne
612 1973 773 2052 quondum
790 1976 906 2042 tenuit.

533 2106 626 2169 Idem
641 2108 802 2175 Robertns
817 2118 908 2178 tenet
930 2113 1123 2201 [inmediste
1138 2116 1179 2179 de
1194 2116 1283 2178 dicto
1298 2114 1447 2200 episcopo
1461 2121 1549 2178 certa
1566 2122 1665 2178 terras
1689 2119 1721 2176 et
1745 2117 1932 2176 tenemento
1958 2111 1991 2172 in

488 2194 600 2256 eadem
616 2216 674 2278 per
688 2200 859 2264 servicium
869 2200 895 2286 j.
912 2202 935 2266 l.
952 2201 1015 2290 m.]
1036 2224 1100 2286 que
1115 2202 1277 2266 Robertus
1293 2205 1447 2285 Sturmyn
1465 2202 1625 2287 quondam
1643 2201 1760 2264 tenuit.

532 2331 680 2396 Oliverus
702 2335 806 2402 Groos
828 2337 877 2425 [et
898 2339 1056 2404 Ricardus
1079 2341 1239 2426 Flemyug
1265 2347 1378 2405 tenent
1406 2340 1587 2404 inmediste
1612 2339 1652 2403 de
1676 2338 1817 2402 Heurico
1848 2336 1990 2421 Inglose,

488 2417 622 2506 milite‚]
643 2429 729 2486 certe
744 2431 843 2489 terres
857 2433 891 2491 et
904 2432 1089 2492 tensments
1103 2429 1139 2492 in
1153 2429 1266 2493 endem
1282 2450 1339 2513 per
1353 2428 1526 2492 servicium
1542 2426 1587 2492 di.
1604 2426 1626 2491 f.
1641 2449 1687 2492 m.

532 2555 670 2620 Thomas
691 2557 808 2646 [Pycot
824 2568 914 2628 tenet
928 2566 1103 2629 inmediste
1117 2566 1158 2629 de
1173 2564 1346 2629 heredibus
1361 2562 1520 2630 Willelmi
1535 2563 1576 2626 de
1592 2563 1623 2625 ln
1647 2563 1710 2645 Say
1737 2581 1795 2644 per
1822 2561 1992 2624 servicium

489 2649 602 2726 quarte
616 2645 732 2735 pertis]
750 2648 777 2732 j.
794 2651 816 2714 f.
832 2673 877 2718 m.

533 2770 695 2841 lohannes
722 2777 832 2843 Bakon
859 2787 949 2845 tenet
965 2782 1143 2845 inmediste
1158 2782 1199 2844 de
1214 2780 1384 2846 heredibus
1400 2779 1559 2846 lobannis
1581 2777 1625 2865 [le
1641 2777 1769 2842 Verdon
1786 2784 1874 2842 certe
1891 2785 1991 2842 terres

488 2863 524 2920 et
539 2866 727 2928 tenementc
741 2867 776 2930 in
792 2867 975 2935 Trsnunsn
990 2889 1046 2951 per
1061 2869 1235 2932 servicium
1245 2864 1291 2954 j.]
1313 2867 1337 2933 f.
1354 2890 1399 2933 m.

533 2998 673 3062 Domina
695 3003 733 3065 de
749 3001 961 3087 Bergevenny
976 3010 1067 3067 tenet
1081 3005 1260 3068 inmediste
1276 3007 1316 3068 de
1330 3005 1445 3069 abbate
1461 3005 1572 3068 sancti
1588 3003 1755 3067 Edmundi
1777 3001 1878 3090 [certo
1892 3007 1993 3068 terras

487 3089 521 3146 et
536 3092 722 3152 tenemento
735 3091 770 3153 in
785 3092 898 3155 eedem
914 3113 970 3176 per
984 3092 1157 3156 servicium
1171 3094 1215 3156 di.
1231 3095 1256 3156 f.
1270 3114 1316 3157 rn.
1416 3093 1430 3108 ”

533 3223 630 3288 Nulle
644 3233 722 3290 sunt
736 3228 797 3292 ulie
812 3249 947 3313 persone
962 3228 1037 3316 dec]

947 3542 1167 3607 Hnunsnnnn
1192 3562 1235 3606 nn
1259 3540 1539 3608 GULDECROS.

534 3697 712 3783 Inquisicio
735 3707 829 3781 cepte
855 3701 941 3783 apud
967 3700 1183 3786 Kenyngbcle
1210 3701 1263 3765 die
1290 3699 1445 3763 Mercurii
1470 3699 1615 3781 proximo
1644 3704 1715 3780 post
1738 3698 1856 3762 festum
1883 3702 1995 3766 Sancti

491 3783 638 3848 Barnabe
660 3787 796 3869 apostoli
819 3807 903 3850 nnno
927 3790 1019 3872 regni
1046 3787 1131 3873 regis
1155 3788 1292 3852 Henrici
1320 3786 1401 3850 sexti
1432 3791 1505 3869 post
1535 3792 1748 3869 conquestum
1774 3795 1861 3851 sexto
1886 3810 1993 3854 coram

492 3873 646 3935 Nicbolao
676 3874 807 3952 Castell,
840 3873 1014 3938 Edmnndo
1041 3875 1305 3959 Yonghusbonde
1336 3881 1370 3937 et
1400 3875 1493 3936 sociis
1523 3874 1588 3935 snis
1611 3870 1832 3937 collectoribus
1856 3877 1994 3941 subsidii

491 3959 615 4021 domini
630 3962 713 4045 regis
727 3962 761 4023 in
777 3962 895 4025 ultimo
910 3962 1128 4026 Parliamento
1144 3983 1200 4025 sno
1214 3962 1301 4045 apud
1313 3961 1636 4024 westmonasterium
1653 3959 1685 4021 in
1702 3960 1867 4043 quindena
1882 3962 1994 4028 Sancti

491 4045 661 4109 Michaelis
685 4047 802 4110 ultimo
827 4050 980 4133 preterita
1004 4055 1095 4113 tento
1126 4050 1269 4113 concessi
1299 4069 1356 4132 per
1385 4055 1622 4111 sacramentum
1647 4046 1805 4113 Willelmi
1838 4050 1992 4132 lecenter,

492 4131 651 4199 Johannis
666 4134 767 4218 Payn‚
782 4134 906 4199 Thorne
922 4137 1036 4220 Aleyn,
1052 4137 1210 4203 Willelmi
1225 4136 1409 4215 Scbskelot,
1426 4134 1583 4201 Johannis
1607 4132 1716 4217 Colby,
1740 4134 1870 4199 Roberti
1898 4138 1994 4217 Hau,

492 4220 647 4286 Johnnnis
672 4220 773 4301 Gowe,
795 4222 945 4287 Nicholai
968 4224 1098 4304 Catton,
1115 4223 1274 4291 Jobannis
1290 4226 1417 4301 Bunne,
1435 4221 1524 4286 Petri
1539 4220 1683 4299 Micbsll‚
1700 4222 1740 4281 W
1741 4222 1855 4285 illelmi
1872 4224 1993 4289 Piknot

489 4317 522 4371 et
534 4307 692 4376 Jobsnuis
703 4308 826 4393 Sporle‚
834 4310 1029 4393 juratorum,
1034 4311 1217 4396 juratorum
1229 4311 1269 4375 de
1282 4310 1447 4374 hundredo
1459 4309 1498 4372 de
1511 4307 1688 4387 Gildecros,
1698 4308 1754 4393 qui
1770 4309 1884 4373 dicunt
1896 4332 1992 4395 super

489 4402 725 4459 sacramentum
740 4419 834 4460 suum
849 4399 933 4480 qnod
949 4420 1060 4463 omnes
1074 4420 1208 4482 persone
1223 4399 1256 4462 in
1273 4400 1336 4461 istu
1350 4397 1562 4479 inquisicione
1584 4396 1750 4459 nominate
1779 4404 1854 4461 sunt
1883 4400 1992 4463 seisite

488 4490 523 4545 et
560 4486 791 4567 possessionate
827 4493 862 4547 et
898 4506 1009 4550 eorum
1044 4487 1189 4570 quelibet
1219 4492 1269 4549 est
1299 4486 1407 4548 seisitn
1436 4490 1470 4547 et
1505 4483 1736 4566 possessionata
1764 4483 1804 4547 de
1834 4489 1928 4549 terris
1958 4493 1992 4550 et

487 4572 682 4634 tenementis
696 4573 731 4633 in
746 4571 907 4635 dominico
921 4594 979 4637 suo
993 4579 1029 4636 ut
1045 4572 1085 4637 de
1106 4574 1206 4636 libero
1228 4577 1416 4636 tenemento
1439 4576 1473 4633 et
1495 4576 1609 4634 tenent
1635 4591 1695 4634 seu
1720 4578 1811 4634 tenet
1836 4574 1931 4636 modo
1956 4581 1990 4637 et

489 4658 595 4720 forma
608 4660 665 4741 qui
680 4660 835 4744 sequitur,
851 4659 1003 4723 videlicet
1017 4660 1101 4745 quod
1111 4684 1165 4727 :-

534 4846 694 4909 Henricus
709 4843 898 4909 Pakenham
913 4852 1006 4911 tenet
1020 4849 1198 4912 inmediste
1213 4848 1252 4911 de
1268 4844 1438 4909 heredibus
1452 4843 1581 4907 comitis
1601 4843 1770 4907 Werennie
1785 4852 1871 4910 certa
1893 4852 1993 4912 terras

489 4939 524 4996 et
538 4938 725 4997 tenemento
738 4934 773 4996 in
790 4932 1053 5001 Gnosonnrsusn
1067 4956 1124 5019 per
1139 4936 1310 4999 servicium
1325 4934 1372 4999 di.
1388 4934 1411 4997 f.
1429 4952 1474 4997 1n.
1934 4942 1936 4949 ’

534 5072 698 5138 Jobnnnes
723 5070 873 5149 Howard,
887 5072 992 5152 miles,
1005 5078 1098 5137 tenet
1121 5073 1301 5136 inmediste
1327 5070 1367 5134 de
1392 5068 1564 5133 heredibus
1588 5068 1737 5153 Hugonis
1763 5067 1794 5131 le
1825 5068 1885 5132 Ver
1906 5077 1993 5135 certa

491 5163 590 5222 terras
605 5165 640 5222 et
653 5163 840 5223 tenemento
854 5161 888 5221 in
903 5162 1015 5224 eadem
1029 5181 1087 5244 per
1102 5160 1272 5224 servicium
1282 5158 1309 5242 j.
1325 5160 1348 5224 f.
1364 5164 1396 5222 et
1411 5158 1457 5220 di.
1472 5156 1495 5219 f.
1512 5176 1557 5221 m.

535 5294 698 5364 Jobenues
714 5297 863 5362 Bertrsm
877 5305 911 5361 et
926 5299 1090 5364 Jobannes
1105 5300 1216 5362 Almot
1232 5303 1346 5361 tenent
1360 5298 1537 5360 inmediste
1551 5295 1590 5358 de
1606 5295 1687 5357 duce
1702 5292 1881 5356 Norffolkie
1904 5301 1994 5359 certa

490 5392 662 5535 3,ῗέἰᾶ
673 5392 873 5537 ἓιιθίωὲυῐι,
886 5406 950 5469 que
966 5407 1069 5471 nuper
1083 5386 1215 5451 fuerunt
1225 5381 1395 5486 ⁴Rudulphi
1410 5384 1451 5447 de
1467 5383 1585 5448 Sancto
1601 5382 1716 5443 Mauro
1732 5380 1766 5445 in
1784 5382 1919 5447 Nostros
1934 5404 1992 5466 per

534 5612 718 5697 Margarete
746 5612 863 5676 Brocm
888 5617 979 5675 tenet
1002 5614 1037 5675 in
1061 5614 1175 5677 eadem
1200 5612 1379 5675 inmediste
1403 5611 1442 5673 de
1467 5607 1638 5672 heredibus
1663 5606 1793 5669 comitis
1809 5606 1994 5673 Arundellie

490 5708 579 5763 certa
592 5704 694 5763 terras
708 5705 743 5762 et
757 5705 945 5763 tenemento
959 5721 1016 5783 per
1031 5702 1202 5763 servicium
1217 5705 1333 5782 quarte
1349 5700 1449 5783 partis
1459 5697 1487 5780 j.
1502 5695 1525 5759 f.
1541 5717 1586 5761 m.

534 5836 665 5900 Prefate
701 5836 887 5919 Msrgmetn
919 5843 1013 5900 tenet
1047 5837 1227 5902 inmediste
1263 5837 1304 5901 de
1341 5834 1461 5899 comite
1497 5831 1670 5902 Wnrennie
1705 5833 1794 5893 certe
1830 5843 1928 5896 terres
1959 5838 1995 5897 et

491 5929 681 5989 tenementn
694 5925 730 5987 in
745 5924 859 5989 eedem
870 5943 929 6008 per
943 5924 1114 5988 servicium
1130 5925 1175 5989 di.
1190 5923 1214 5989 f.
1231 5946 1277 5989 m.
