5000 7050
560 1067 624 1132 618
1071 1069 1078 1081 '
1195 1072 1434 1138 APPENDIX.

597 1353 746 1418 Oliverus
772 1357 856 1420 Gros
882 1362 972 1421 tenet
996 1360 1032 1421 in
1058 1358 1242 1426 Bromown
1269 1365 1316 1424 et.
1329 1361 1510 1428 Lsnunssn
1535 1359 1559 1446 j.
1575 1365 1682 1444 quest.
1706 1358 1730 1446 j.
1747 1360 1769 1424 f.
1785 1380 1831 1424 m.
1858 1357 1900 1421 de
1926 1357 2062 1421 domino

553 1441 679 1506 Thome
694 1444 734 1507 de
748 1443 883 1522 Morlee‚
896 1452 931 1508 et
945 1446 1032 1509 idem
1048 1445 1189 1512 Thomas
1204 1448 1245 1510 de
1261 1468 1347 1532 rege,
1363 1456 1400 1513 ut
1414 1448 1588 1532 psrcellem
1604 1449 1733 1511 baronis
1749 1447 1788 1511 de
1804 1447 1884 1528 Rye.

596 1577 699 1643 Heres
728 1581 893 1645 Matilldis
922 1580 1061 1646 Banierd
1091 1588 1127 1648 et
1155 1585 1333 1666 percenerii
1366 1585 1417 1648 sui
1448 1588 1562 1648 tenent
1598 1585 1633 1646 in
1673 1583 1837 1649 Hrweoss
1875 1583 1999 1648 Medus
2028 1586 2061 1644 et

553 1666 750 1733 Tomuorou
766 1670 900 1732 terciam
916 1676 1042 1753 portem
1054 1670 1080 1754 j.
1096 1672 1119 1736 f.
1135 1693 1181 1737 m.
1197 1672 1237 1735 de
1255 1670 1392 1750 Thomu,
1406 1674 1526 1735 comite
1542 1672 1743 1751 Arundellie,
1760 1677 1824 1736 etc.
1845 1675 1893 1750 (ss
1909 1671 2039 1753 before).

597 1804 780 1869 willelmus
796 1805 837 1869 de
853 1806 1017 1891 liesthorp,
1033 1809 1141 1886 miles,
1156 1815 1249 1875 tenet
1266 1813 1456 1874 tenemento
1472 1831 1529 1872 sue
1544 1810 1579 1872 in
1596 1809 1771 1876 Oscenos?
1786 1830 1845 1892 pro
1858 1809 1904 1872 di.
1922 1807 1944 1872 l.
1959 1829 2006 1872 m.
2021 1807 2062 1870 de

427 1897 430 1902 '
549 1891 668 1956 cbbete
684 1892 795 1958 Sancti
810 1893 982 1959 Benedicti
998 1897 1039 1959 de
1054 1896 1191 1975 Hulmo,
1205 1903 1241 1960 et
1256 1898 1345 1962 idem
1361 1898 1459 1962 ebbcs
1473 1899 1513 1960 de
1528 1917 1603 1982 rege
1618 1899 1670 1962 i.e.

595 2027 747 2095 caterina
770 2031 812 2095 de
837 2030 991 2116 Celthorp
1016 2038 1110 2098 tenet
1132 2035 1168 2096 in
1195 2033 1371 2102 Omrsose
1396 2039 1433 2100 et
1448 2035 1625 2103 Wrnnsen
1649 2033 1694 2097 di.
1709 2033 1731 2099 f.
1748 2055 1793 2099 m.
1817 2032 1858 2096 de
1880 2029 2057 2094 heredibus

550 2116 688 2182 Roberti
702 2117 850 2199 Hufford,
865 2126 899 2183 et
913 2120 1016 2183 iidem
1031 2122 1072 2185 de
1086 2141 1174 2206 rege.

553 2348 564 2421 (
594 2255 756 2426 Vgrpterps
766 2254 808 2320 de
819 2256 982 2322 Wlterton
993 2263 1087 2323 tenet
1097 2259 1132 2321 in
1142 2258 1332 2327 Wnrecrou
1348 2258 1373 2344 j.
1383 2261 1491 2344 quert.
1501 2259 1579 2324 tm.
1590 2257 1632 2322 de
1648 2259 1772 2322 comite
1784 2255 1985 2336 Arundellie,
1997 2261 2061 2321 etc.

565 2366 601 2407 es
635 2366 745 2408 ecre.

596 2479 689 2544 Idem
704 2480 866 2545 Walterus
879 2488 975 2546 tenet
988 2485 1023 2546 in
1039 2483 1151 2547 eedem
1176 2484 1222 2550 di.
1239 2487 1345 2568 quart.
1362 2484 1385 2549 f.
1402 2505 1448 2549 m.
1472 2481 1513 2546 de
1535 2482 1702 2546 heredibus
1724 2480 1858 2546 Roberti
1882 2478 2010 2560 Ufford‚
2027 2485 2060 2544 et

552 2568 631 2630 dicti
646 2568 780 2631 heredes
794 2568 835 2632 de
850 2589 936 2655 rege.

593 2705 753 2769 Rcbertus
766 2706 806 2770 dc
820 2706 1003 2793 Felbrygge
1016 2713 1108 2774 tenet
1122 2710 1157 2772 in
1174 2709 1356 2776 Iuowoern
1371 2709 1417 2774 di.
1432 2709 1456 2774 l.
1473 2730 1519 2775 m.
1536 2707 1576 2771 de
1590 2706 1706 2771 herede
1721 2707 1851 2771 comitis
1873 2706 1905 2770 le
1927 2703 2059 2784 March,

553 2801 587 2856 et
604 2797 653 2856 est
669 2793 755 2856 inire
769 2800 892 2858 etatem
906 2802 968 2861 etc.

550 2929 883 3080 NHeredestcdocobi
920 2932 961 2996 de
999 2931 1210 2996 Holvrestonn
1239 2936 1355 2996 tenent
1384 2933 1418 2994 in
1449 2933 1628 2996 Burmrso
1658 2930 1682 3013 j.
1707 2927 1729 2992 f.
1754 2951 1799 2994 m.
1823 2928 1863 2993 de
1901 2927 2060 3012 episcopo

583 3036 732 3096 merere
768 3067 775 3082 .

591 3152 755 3218 Johennes
769 3155 978 3241 Meynweryn
992 3161 1084 3220 tenet
1098 3158 1134 3220 in
1148 3157 1261 3222 Boron
1277 3157 1320 3220 di.
1337 3157 1360 3220 f.
1376 3177 1421 3221 m.
1438 3155 1478 3218 de
1492 3152 1667 3218 heredibus
1687 3151 1812 3216 Thome
1838 3153 1880 3216 de
1903 3152 2056 3230 Neriord‚

548 3248 581 3306 et
597 3243 699 3306 sidem
714 3241 847 3308 heredes
863 3245 903 3308 de
916 3242 1036 3309 herede
1049 3245 1179 3308 comitis
1194 3244 1224 3308 le
1241 3243 1387 3308 Merchie
1406 3247 1488 3323 (eie),
1504 3249 1541 3307 et
1556 3247 1607 3306 est
1621 3240 1707 3306 infre
1721 3245 1845 3304 etstem
1860 3245 1924 3304 etc.

593 3375 777 3439 Willelmus
804 3375 845 3440 de
873 3375 1011 3460 Clopton
1041 3377 1084 3441 de
1106 3377 1184 3460 jure
1210 3378 1318 3439 uxoris
1343 3396 1402 3439 sue
1425 3380 1517 3439 tenet
1541 3375 1574 3436 in
1603 3374 1765 3440 Orsnsnn
1791 3377 1825 3435 et
1854 3371 2057 3439 Sssconron

547 3464 571 3549 j.
599 3470 704 3549 quert.
732 3463 754 3529 f.
778 3485 823 3530 m.
850 3464 890 3529 de
918 3462 1094 3529 heredibus
1121 3465 1253 3529 comitis
1278 3463 1319 3529 de
1346 3462 1496 3541 Herford,
1521 3467 1558 3526 ut
1584 3461 1626 3527 de
1651 3460 1794 3524 manerio
1812 3460 1853 3522 de
1879 3458 1993 3543 Plassy
2021 3459 2058 3521 in

548 3552 708 3616 comitatu
724 3552 867 3628 Essene,
882 3557 931 3617 set
946 3553 986 3617 de
1002 3574 1066 3637 qno
1082 3560 1143 3617 etc.
1158 3554 1323 3639 ignorant.

593 3690 754 3755 Robertus
776 3693 818 3756 de
844 3692 1056 3778 Hellesthorp
1081 3700 1174 3758 tenet
1199 3696 1234 3757 in
1259 3694 1473 3758 Hermonem
1497 3691 1540 3753 di.
1565 3694 1669 3774 quart.
1694 3686 1716 3753 f.
1741 3708 1787 3752 m.
1815 3685 1856 3749 de
1880 3684 2060 3748 heredibus

550 3778 708 3843 Willelmi
722 3779 742 3842 J
744 3781 869 3862 ordeni,
886 3788 921 3845 et
936 3781 1070 3847 heredes
1084 3782 1125 3846 de
1139 3781 1259 3847 herede
1274 3781 1405 3844 comitis
1419 3778 1451 3842 le
1465 3776 1580 3841 March
1595 3783 1658 3841 etc.

591 3909 770 3995 Episcopus
799 3910 940 3975 Noreici
969 3918 1062 3977 tenet
1090 3914 1126 3976 in
1156 3914 1373 3979 Hevrncmu
1406 3909 1590 3972 manerium
1627 3908 1778 3990 spectans
1808 3902 1850 3965 ed
1887 3900 2059 3963 bsronism

549 4018 640 4061 suem
655 4004 718 4063 etc.
737 4003 785 4078 (oe
798 4002 834 4064 ire
852 4001 961 4078 1346).

593 4134 734 4198 Heredes
749 4134 868 4220 Bogeri
886 4138 954 4214 (eie)
972 4135 1013 4199 de
1029 4135 1171 4199 Relhcm
1187 4141 1222 4199 et
1237 4134 1372 4197 Roberti
1390 4131 1482 4200 Olore
1497 4132 1610 4195 tenent
1626 4127 1661 4191 in
1678 4128 1847 4195 Semeros
1860 4124 1896 4185 et
1918 4120 2057 4186 Burrors

547 4220 584 4304 ij.
600 4226 708 4304 portes
718 4222 745 4307 j.
762 4221 784 4287 f.
800 4244 845 4288 m.
861 4223 902 4287 de
917 4221 1035 4287 herede
1049 4224 1179 4286 comitis
1194 4224 1226 4286 le
1242 4218 1356 4284 Mnreh
1370 4224 1433 4283 etc.

594 4358 755 4423 Dominus
770 4357 910 4425 Thomas
925 4362 966 4424 de
981 4360 1102 4425 Morlee
1116 4360 1257 4424 tenetis
1273 4359 1422 4435 Bomos,
1437 4356 1661 4427 Hermonis,
1681 4349 1861 4423 Semeros,
1881 4344 2056 4420 anrou,

551 4446 770 4525 Concessere,
787 4452 821 4511 et
837 4449 1002 4514 Beneuen
1015 4449 1109 4532 pluro
1123 4452 1311 4512 tenemento
1325 4452 1387 4510 ete.
1407 4448 1455 4523 (as
1471 4443 1598 4525 before).

594 4584 696 4647 Heres
721 4583 880 4648 Johennis
906 4585 1038 4664 Breuse,
1065 4586 1195 4663 militis,
1219 4589 1312 4649 tenet
1336 4584 1372 4646 in
1395 4581 1549 4656 Hennes,
1577 4576 1725 4643 Gosnsrr
1740 4576 1775 4634 et
1803 4571 1938 4637 Ounrou
1963 4565 2059 4650 plura

546 4678 746 4750 tenemento,
760 4692 818 4755 per
832 4674 917 4757 quod
933 4680 995 4738 etc.
1010 4675 1175 4758 ignorant,
1191 4674 1268 4755 quie
1282 4676 1433 4753 spectent
1456 4666 1496 4730 sd
1523 4662 1706 4727 manerium
1731 4659 1772 4762 de
1797 4658 1951 4739 Stynton,
1968 4653 2057 4737 quod

547 4764 679 4823 tenetur
693 4758 734 4822 de
749 4761 880 4824 domino
894 4761 924 4823 le
941 4760 1016 4845 Say,
1031 4764 1150 4845 etipse
1165 4760 1253 4823 ultre
1274 4754 1396 4845 [tenet]
1418 4756 1459 4818 de
1475 4755 1557 4817 duce
1572 4750 1771 4813 Lancestrre.

595 4896 698 4959 Adam
715 4897 818 4961 Gelbe
842 4903 934 4962 tenet
959 4900 993 4961 in
1020 4901 1256 4966 Bneurucnmr
1280 4898 1389 4962 Psevs
1415 4896 1564 4977 quartem
1588 4892 1713 4971 portem
1734 4884 1762 4967 j.
1779 4882 1800 4945 s.
1819 4902 1864 4946 m.
1880 4878 1921 4943 de
1935 4879 2057 4942 comite

551 4983 722 5049 Stuffordie
744 4993 948 5069 spectantem
972 4987 1014 5050 ed
1041 4988 1227 5051 manerium
1250 5005 1345 5049 suum
1372 4983 1412 5047 de
1439 4978 1620 5063 Wykmere,
1643 4978 1678 5038 et
1704 4989 1812 5034 comes
1835 4967 1875 5031 de
1904 4968 2058 5050 episcopo

552 5070 692 5136 Neruici
707 5080 769 5138 etc.
788 5079 835 5152 (ee
851 5074 976 5157 before).

593 5210 739 5274 Heredes
764 5210 970 5275 Constantini
994 5210 1034 5273 de
1059 5210 1190 5274 Mortuo
1216 5208 1302 5272 Mari
1329 5209 1444 5270 tenent
1471 5204 1495 5289 j.
1513 5203 1619 5284 quart.
1631 5198 1658 5280 j.
1675 5194 1700 5263 f.
1717 5214 1763 5259 m.
1778 5192 1814 5255 in
1830 5188 1998 5254 Mentem
2013 5185 2055 5250 de

551 5299 703 5381 episcopo
718 5298 855 5361 Noruiei
870 5303 932 5361 etc.
951 5304 999 5377 (ce
1015 5298 1142 5381 before).

1027 5591 1246 5655 Huunnnoon
1270 5607 1314 5653 mc
1338 5578 1590 5652 TUNSTEDE.

594 5749 702 5813 Abbes
732 5749 847 5813 Sancti
877 5748 1049 5815 Benedicti
1079 5751 1120 5814 de
1149 5750 1273 5814 Hulmo
1309 5749 1403 5811 tenet
1431 5744 1486 5808 i.c.
1516 5740 1558 5803 de
1585 5755 1664 5820 rege
1695 5748 1795 5833 unam
1824 5724 1992 5825 baroniam
2022 5722 2058 5783 in

551 5835 718 5900 hundredo
735 5837 776 5900 de
791 5837 974 5918 Tunstede,
991 5839 1144 5903 videlieet
1157 5836 1341 5901 menesium
1366 5832 1407 5897 de
1431 5830 1587 5904 Homo,
1611 5832 1646 5888 et
1668 5820 1734 5885 clm
1758 5831 1901 5879 manem
1923 5828 1960 5873 m
1985 5809 2060 5873 &1¹1⁸

551 5924 730 5987 hundredis
746 5944 805 6007 per
821 5925 996 5989 servicium
1013 5926 1049 6009 ij.
1065 5924 1090 5991 f.
1107 5946 1153 5992 m.
1170 5931 1205 5989 et
1219 5924 1265 5989 di.
