5000 7050
517 1093 580 1155 614
1149 1088 1387 1154 APPENDIX.

560 1379 704 1442 Heredes
731 1379 872 1443 Galfridi
888 1379 1024 1463 Warryn
1048 1385 1083 1444 et
1108 1384 1259 1444 tenentes
1286 1381 1335 1443 sui
1362 1384 1476 1443 tenent
1490 1378 1514 1464 J'.
1530 1376 1556 1443 l.
1573 1400 1619 1444 m.
1635 1379 1669 1440 in
1689 1377 1802 1444 Soura
1816 1375 1962 1444 Worsou
1977 1375 2019 1438 de

516 1467 648 1530 domino
662 1467 846 1546 Edmundo,
862 1469 943 1530 duee
958 1468 1106 1545 Eboraci,
1121 1474 1161 1531 ut
1175 1469 1215 1531 de
1230 1475 1335 1530 castro
1350 1488 1407 1530 suo
1422 1467 1461 1530 de
1477 1466 1609 1550 Rysynd
1628 1468 1710 1544 (sic),
1726 1465 1781 1528 sed
1796 1464 1836 1526 de
1851 1484 1914 1546 quo
1929 1463 2020 1527 idem

515 1560 657 1617 castrum
673 1561 805 1619 tenetur
819 1557 983 1638 ignorant,
999 1557 1051 1618 vel
1066 1577 1125 1638 per
1140 1555 1225 1641 quod
1241 1555 1423 1619 servicium.

560 1722 716 1784 Ricardus
730 1720 860 1804 Chappa
874 1728 907 1784 et
923 1722 1055 1784 heredes
1071 1722 1200 1784 Ricardi
1217 1720 1398 1805 Holdyche‚
1412 1726 1448 1783 et
1463 1725 1615 1784 tenentes
1630 1721 1691 1799 sui,
1707 1723 1821 1782 tenent
1833 1717 1860 1801 j.
1878 1717 1901 1781 f.
1919 1738 1965 1782 m.
1981 1719 2018 1780 in

517 1809 681 1905 Coronam
696 1810 737 1871 de
752 1809 884 1872 domina
898 1811 938 1873 de
953 1808 1132 1886 Cromwell,
1146 1816 1178 1872 et
1195 1810 1310 1872 eadem
1325 1809 1365 1872 de
1388 1806 1512 1895 [rege].

561 1963 753 2026 Edmundus
768 1963 932 2027 Belzetere
947 1975 982 2027 et
998 1963 1182 2025 Willelmns
1198 1961 1343 2046 Rysyng,
1360 1968 1395 2024 et
1410 1962 1490 2026 socii
1506 1962 1555 2024 sui
1572 1967 1686 2025 tenent
1712 1964 1862 2044 quartam
1889 1965 2020 2041 partem

516 2051 782 2202 {argitklikncrlssrnou
796 2051 836 2113 de
850 2052 971 2114 comite
987 2050 1185 2129 Arundellie,
1209 2056 1244 2113 et
1267 2049 1356 2113 idem
1380 2050 1421 2113 de
1447 2069 1536 2133 rege,
1560 2054 1598 2110 ut
1625 2048 1798 2130 parcellam
1823 2047 1953 2108 honoris
1976 2045 2019 2106 de

561 2268 759 2355 Benedictus
783 2291 824 2354 de
852 2291 981 2375 Breclys
1007 2295 1041 2354 et
1069 2290 1262 2353 Edmundus
1287 2289 1464 2367 Belzetera‚
1486 2299 1519 2352 et
1535 2289 1615 2352 socii
1630 2289 1692 2364 sui,
1707 2291 1823 2350 tenent
1833 2285 1861 2369 j.
1878 2285 1901 2350 s.
1918 2305 1964 2349 m.
1982 2283 2018 2346 in

516 2380 719 2446 Garunsrou
735 2379 776 2442 de
791 2381 912 2442 comite
928 2379 1116 2441 Arundellie
1132 2385 1195 2443 etc.

561 2534 651 2597 Idem
677 2534 869 2597 Edmundus
892 2539 927 2596 et
948 2534 1028 2596 socii
1058 2533 1109 2596 sui
1138 2537 1173 2594 et
1201 2530 1377 2596 Nioholaus
1407 2531 1552 2593 Norman
1582 2533 1617 2594 et
1643 2531 1723 2592 socii
1753 2529 1814 2606 sui,
1843 2531 1960 2590 tenent
1982 2527 2020 2589 in

517 2618 719 2688 Gnmrnsrou
742 2627 776 2685 et
801 2621 964 2688 Cortonam
987 2622 1033 2684 di.
1049 2621 1071 2683 f.
1089 2627 1134 2685 in.
1151 2620 1194 2682 de
1216 2619 1389 2683 Edmundo
1414 2617 1592 2696 Oldehalle,
1609 2624 1643 2680 et
1657 2617 1747 2680 idem
1770 2615 1809 2678 de
1833 2613 1952 2677 honore
1976 2613 2019 2676 de

516 2709 739 2788 Ryohemond‚
754 2710 811 2794 qui
826 2716 875 2772 eat
890 2711 925 2771 in
940 2728 1041 2771 manu
1055 2709 1142 2789 regis
1157 2708 1283 2770 racione
1299 2708 1433 2770 minoris
1448 2707 1548 2770 etatis
1562 2705 1654 2768 ducis
1668 2703 1858 2787 Brytannie.

560 2862 737 2927 Nicholaus
751 2864 895 2926 Norman
911 2870 945 2927 et
960 2869 1110 2927 tenentes
1125 2865 1176 2927 sui
1191 2868 1310 2927 tenent
1324 2867 1474 2946 quartam
1489 2868 1616 2945 partem
1632 2861 1655 2925 f.
1672 2881 1717 2926 m.
1731 2861 1766 2922 in
1783 2859 1964 2926 Garusron
1979 2857 2021 2920 de

515 2953 647 3016 domino
663 2950 804 3030 Bardolf,
817 2958 878 3015 etc.
898 2956 945 3029 (aa
961 2953 1087 3035 before).

562 3095 706 3158 Heredes
729 3094 863 3158 Roberti
887 3091 1067 3168 carbonell,
1091 3097 1126 3155 et
1152 3091 1314 3155 Rohertus
1344 3092 1480 3169 Morlee,
1504 3091 1608 3170 miles,
1638 3095 1753 3153 tenent
1783 3089 1832 3173 iij.
1861 3089 1884 3152 f.
1911 3109 1957 3153 m.
1983 3089 2022 3149 in

516 3187 670 3250 Bessara
684 3188 719 3244 et
735 3181 932 3249 Gnosrnoar
946 3181 986 3242 de
1000 3181 1119 3243 comite
1134 3179 1304 3258 Suliolkie,
1319 3185 1357 3241 ut
1372 3179 1413 3246 de
1429 3177 1549 3243 honore
1564 3179 1605 3242 de
1621 3179 1701 3262 Eyn,
1715 3185 1749 3241 et
1764 3178 1852 3240 idem
1866 3177 1908 3238 de
1924 3195 2023 3261 rege3

518 3294 574 3356 per
589 3271 675 3354 quod
691 3271 862 3332 servicium
877 3269 965 3331 idem
979 3266 1082 3330 honor
1096 3273 1238 3343 tenetur,
1252 3268 1416 3352 ignorant.

562 3421 654 3482 Prior
668 3419 709 3482 de
725 3419 890 3480 Westacre
905 3423 998 3480 tenet
1013 3421 1165 3502 quartam
1180 3423 1308 3500 partem
1319 3417 1347 3499 j.
1364 3417 1388 3479 f.
1401 3438 1447 3482 m.
1464 3418 1499 3479 in
1514 3415 1584 3482 Esr
1599 3415 1742 3483 Wanrorr
1769 3413 1810 3476 de
1834 3411 1954 3474 honore
1979 3411 2024 3474 de

517 3507 738 3593 Rychemond,
754 3507 811 3591 qni
826 3513 877 3570 est
892 3507 927 3568 in
944 3526 1046 3569 manu
1060 3505 1148 3590 regis
1161 3518 1225 3571 etc.

562 3655 668 3718 Abhss
682 3655 723 3717 de
739 3651 880 3716 Derham
895 3658 988 3715 tenet
998 3652 1026 3734 j.
1043 3652 1066 3715 f.
1083 3674 1129 3715 m.
1146 3653 1181 3714 in
1198 3652 1267 3717 Esr
1286 3650 1426 3719 Wnnron
1443 3649 1483 3714 de
1506 3648 1679 3714 heredibus
1700 3645 1860 3710 Johannis
1873 3644 1972 3724 Vsus,
1988 3652 2024 3708 et

519 3745 605 3808 idem
620 3743 660 3805 de
675 3741 803 3803 Thoma
817 3740 1024 3823 Moumbray‚
1039 3741 1095 3824 qui
1110 3745 1160 3802 est
1174 3741 1260 3802 infra
1275 3744 1398 3803 etatem
1414 3744 1476 3802 eto.

560 3892 752 3955 Edmundus
777 3890 942 3953 Belzetere
968 3897 1003 3953 et
1029 3891 1108 3953 socii
1132 3893 1183 3954 sui
1209 3898 1326 3955 tenent
1353 3892 1398 3956 di.
1416 3890 1440 3957 f.
1457 3912 1503 3956 m.
1527 3892 1563 3953 in
1587 3892 1807 3955 Massnronau
1835 3888 1956 3955 Maesa
1982 3890 2026 3954 de

517 3980 685 4043 heredibus
701 3979 909 4042 Constantini
924 3979 965 4041 dc
981 3977 1124 4061 Clyfton,
1140 3984 1175 4041 et
1190 3980 1281 4041 idem
1296 3980 1336 4042 de
1352 4000 1439 4063 rege,
1454 3987 1487 4041 et
1503 3984 1552 4042 est
1568 3980 1601 4041 in
1616 3978 1764 4041 custodia
1778 3982 1840 4041 eto.

560 4128 652 4188 Prior
680 4126 721 4187 de
752 4124 913 4207 Bynham,
939 4124 1052 4187 Simon
1082 4124 1192 4200 Baret‚
1219 4124 1396 4188 Nioholaus
1427 4124 1545 4203 Baron,
1575 4124 1736 4188 Johannes
1769 4122 1956 4203 Kyrkeman
1987 4132 2025 4187 et

516 4221 664 4385 hedildghs
678 4233 790 4276 eorum
806 4218 923 4274 tenent
938 4211 961 4295 j.
978 4212 1001 4277 f.
1019 4234 1064 4277 m.
1080 4213 1115 4275 in
1131 4214 1363 4279 Dassruonau
1377 4213 1417 4275 de
1434 4213 1565 4275 domina
1590 4211 1632 4275 de
1655 4210 1836 4287 Cromwell,
1851 4216 1884 4273 et
1910 4210 2023 4273 eadem

560 4448 753 4511 Edmnndus
779 4444 947 4509 Oldehslle
973 4451 1066 4508 tenet
1091 4447 1227 4509 terciam
1244 4450 1373 4530 partem
1384 4446 1411 4530 j.
1427 4444 1451 4510 f.
1469 4468 1513 4511 m.
1530 4446 1565 4507 in
1583 4446 1823 4522 Dnasruorrsu,
1841 4448 1890 4507 set
1904 4444 1945 4507 de
1961 4465 2028 4529 quo

519 4542 652 4598 tenetur
666 4536 828 4619 ignorant.

562 4680 752 4763 Radulphus
767 4679 807 4741 de
826 4680 998 4763 Ponynges
1013 4686 1107 4744 tenet
1122 4681 1166 4745 di.
1182 4682 1206 4745 f.
1224 4702 1270 4745 m.
1287 4683 1323 4744 in
1339 4682 1517 4747 Fnrcomsr
1542 4682 1583 4743 de
1611 4680 1728 4743 herede
1753 4678 1959 4743 Constantini
1984 4678 2027 4743 de

518 4768 657 4852 Clysma,
675 4777 710 4830 et
724 4768 813 4830 idem
829 4767 870 4831 de
885 4788 975 4849 rege,
990 4771 1047 4850 qui
1065 4770 1195 4853 quidem
1212 4766 1304 4831 heres
1319 4776 1368 4832 est
1384 4770 1468 4831 inira
1484 4774 1607 4831 etatem
1622 4774 1683 4832 eto.

561 4925 652 4987 Prior
678 4925 719 4987 de
745 4922 931 5004 Flyccham‚
958 4924 1071 4986 Simon
1096 4924 1205 5003 Baret,
1233 4922 1398 4988 Johannes
1425 4923 1624 5007 Kyrkeman,
1651 4921 1827 4986 Nicholaus
1853 4922 1968 4999 Baron,
1991 4929 2027 4985 et

517 5014 657 5097 Agneta,
680 5032 760 5074 uxor
783 5010 942 5073 Johannis
967 5010 1173 5090 Barnerston‚
1189 5018 1306 5076 tenent
1317 5012 1344 5095 j.
1363 5015 1383 5074 s.
1402 5019 1437 5076 et
1452 5014 1497 5076 di.
1514 5033 1559 5076 m.
1575 5014 1610 5073 in
1626 5012 1804 5076 Fnrcorrasr
1821 5015 1854 5072 et
1871 5011 2026 5075 aennon

519 5100 559 5163 de
575 5100 755 5163 hereditate
774 5101 842 5177 (sic)
861 5097 1068 5163 Constantini
1084 5100 1125 5163 de
1140 5098 1272 5183 Clylton
1288 5109 1349 5164 etc.

563 5302 570 5315 .
617 5300 625 5315 .
673 5301 680 5316 .
726 5250 798 5315 ,de
815 5249 984 5334 Cobyldylr
999 5258 1092 5316 tenet
1106 5254 1130 5335 j.
1148 5255 1170 5319 f.
1188 5276 1233 5320 m.
1250 5257 1286 5318 in
1302 5256 1454 5321 Asrnron
1470 5254 1510 5319 de
1525 5252 1695 5318 heredibus
1718 5253 1844 5316 domini
1870 5252 1910 5315 de
1927 5252 2027 5331 Boos,

518 5345 553 5402 et
568 5340 658 5402 idem
672 5338 713 5401 de
729 5338 854 5401 Thoma
870 5339 1075 5424 Moumbray‚
1095 5349 1129 5403 et
1143 5344 1236 5405 idem
1252 5344 1293 5407 de
1308 5362 1394 5427 rege,
1409 5351 1443 5405 et
1459 5345 1558 5407 estin
1575 5343 1721 5406 custodia
1736 5356 1799 5405 etc.

562 5498 744 5561 Willelmus
759 5498 798 5560 de
814 5495 982 5577 Calthorp‚
996 5499 1103 5576 miles,
1117 5500 1283 5564 Johannes
1301 5502 1444 5585 Gumay,
1462 5506 1576 5565 tenent
1587 5500 1615 5585 j.
1632 5502 1655 5565 i.
1672 5522 1716 5566 m.
1741 5502 1775 5562 in
1800 5498 1960 5565 Hannone
1985 5500 2027 5563 de

517 5589 636 5650 comite
652 5583 851 5658 Arundellie,
869 5591 902 5645 et
917 5585 1006 5645 idern
1021 5585 1061 5648 de
1077 5608 1165 5671 rege,
1181 5596 1220 5650 ut
1236 5590 1407 5673 parcellam
1423 5590 1551 5653 honoris
1567 5590 1618 5652 sui
1635 5589 1676 5651 de
1692 5586 1882 5651 Castelacre.

564 5736 656 5796 Prior
684 5731 725 5794 de
755 5727 932 5813 Flyccham
962 5736 1054 5795 tenet
1082 5742 1233 5817 quartam
1263 5742 1391 5820 partem
1416 5737 1444 5821 j.
1471 5738 1496 5803 f.
1524 5758 1570 5802 m.
1601 5737 1636 5797 in
1662 5736 1813 5801 Arrnrmr
1842 5733 1881 5796 de
1904 5736 2028 5801 comite

521 5818 821 5971 Ιέὲιὲζιῐιέθίξέζξθῧο
830 5817 905 5900 jure
923 5820 1029 5881 uxoris
1043 5841 1112 5900 sue,
1127 5830 1161 5886 et
1177 5824 1264 5887 idem
1280 5825 1322 5889 de
1337 5846 1423 5910 rege,
1441 5832 1479 5889 ut
1494 5823 1665 5909 parcellam
1690 5822 1818 5885 baronie
1842 5841 1898 5883 aue
1913 5829 2030 5888 vocate
