5000 7050
561 1049 625 1114 600
1206 1049 1426 1117 NORFOLK.

551 1332 695 1396 'Roberti
711 1333 850 1413 Dotowr,
866 1337 921 1417 qui
939 1337 1055 1400 dieunt
1069 1355 1165 1417 super
1182 1339 1417 1398 sacramentum
1434 1355 1528 1398 suum
1543 1334 1629 1418 quod
1650 1353 1761 1397 omnes
1784 1352 1918 1417 persone
1941 1331 1978 1394 in
2001 1330 2067 1393 ista

562 1421 776 1504 inquisicione
799 1423 967 1487 nominate
989 1428 1065 1485 sunt
1090 1423 1201 1486 eeisite
1214 1430 1246 1486 et
1262 1424 1495 1506 possessionate
1510 1429 1544 1486 et
1558 1442 1669 1485 eorum
1685 1421 1828 1506 quelibet
1843 1427 1893 1484 est
1908 1419 2068 1482 seisiteet

561 1509 797 1589 possessionata
811 1509 850 1572 de
865 1513 960 1574 terris
975 1516 1010 1574 et
1024 1511 1222 1573 tenementis
1236 1511 1272 1572 in
1287 1510 1451 1574 dominico
1466 1531 1524 1574 suo
1539 1517 1578 1573 ut
1593 1509 1633 1573 de
1646 1509 1750 1572 libero
1763 1513 1948 1572 tenemento
1961 1525 2022 1569 suo
2032 1511 2067 1568 et

561 1604 676 1659 tenent
689 1616 745 1660 seu
757 1602 850 1661 tenet
864 1599 960 1661 modo
975 1604 1009 1662 et
1023 1598 1127 1660 forma
1140 1599 1197 1680 qui
1212 1607 1403 1682 sequuntur,
1421 1597 1574 1661 videlicet
1588 1597 1672 1681 quod
1686 1620 1739 1660 :-

605 1783 704 1868 Hugo
729 1785 769 1847 de
795 1784 966 1863 Halshnm‚
988 1786 1091 1863 miles,
1119 1791 1209 1848 tenet
1236 1786 1270 1848 in
1298 1786 1466 1852 Honrrnnu
1483 1784 1527 1850 di.
1543 1786 1565 1849 f.
1582 1805 1628 1850 m.
1643 1779 1822 1847 inmediate
1838 1782 1879 1846 de
1893 1780 2067 1845 heredibus

561 1871 684 1933 domini
700 1871 833 1935 Roberti
847 1874 888 1935 de
903 1871 1088 1952 Tateshale,
1105 1873 1191 1956 quod
1206 1894 1308 1956 nuper
1322 1875 1387 1936 fuit
1402 1872 1532 1936 domine
1547 1873 1694 1936 Dionisie
1708 1871 1748 1935 de
1763 1871 1877 1934 Monte
1898 1869 2029 1936 Ceniso.

605 2021 765 2107 Georgius
780 2021 947 2086 Holkham
962 2029 1055 2086 tenet
1069 2025 1104 2086 in
1119 2023 1230 2087 eadem
1245 2024 1425 2088 inmediate
1440 2043 1543 2087 unum
1559 2024 1759 2107 quarterium
1775 2021 1798 2087 f.
1814 2043 1858 2088 m.
1873 2021 1915 2085 de
1931 2021 2067 2084 domina

561 2108 711 2172 Dionisia
724 2111 764 2174 de
780 2110 895 2174 Monte
911 2111 1040 2188 Caniso,
1054 2111 1140 2195 quod
1155 2132 1259 2194 nuper
1273 2111 1339 2174 fuit
1354 2109 1547 2176 Eusthaohii
1562 2112 1603 2174 de
1620 2108 1733 2176 Breth.

604 2259 746 2322 Heredes
772 2261 913 2324 Gilberti
938 2261 1019 2323 Noel
1035 2266 1151 2324 tenent
1172 2262 1208 2323 in
1231 2261 1345 2325 eadem
1368 2260 1548 2325 inmediate
1571 2281 1676 2324 unum
1698 2261 1896 2345 quarterium
1920 2258 2065 2324 f.1n.de

559 2347 692 2410 domino
707 2346 832 2433 Rogero
846 2348 888 2411 de
903 2347 1015 2425 Brom‚
1029 2347 1115 2430 quod
1130 2368 1233 2432 nuper
1248 2347 1313 2412 suit
1327 2349 1350 2412 J
1350 2349 1485 2412 ohannis
1500 2348 1561 2412 filii
1576 2349 1646 2412 Ade
1661 2348 1701 2412 de
1716 2347 1806 2413 Bret.

603 2495 760 2561 Robertus
775 2498 884 2583 Wylly
899 2504 934 2560 et
949 2498 1105 2561 Ricardus
1114 2497 1237 2562 Ventre
1250 2504 1366 2561 tenent
1381 2500 1415 2560 in
1433 2499 1602 2564 Honmrau
1617 2503 1653 2562 et
1668 2499 1866 2565 Connrnonn
1880 2495 2066 2560 inmediate

559 2583 604 2650 di.
621 2583 644 2648 f.
660 2606 705 2650 m.
721 2585 762 2649 de
777 2586 917 2670 Hugone
933 2585 1077 2663 Bardolt'‚
1092 2587 1176 2670 quod
1193 2605 1297 2668 nuper
1313 2586 1378 2648 tuit
1393 2585 1516 2650 'l'home
1533 2585 1658 2650 Bekon.

602 2731 695 2794 Prior
716 2731 757 2795 de
779 2731 952 2813 Petyrston
982 2734 1073 2794 tenet
1103 2732 1139 2794 in
1169 2731 1340 2797 Honrrrrnu
1370 2739 1405 2796 et
1433 2734 1605 2800 Srrrrrnrn
1631 2729 1814 2794 inmediate
1838 2732 1883 2795 di.
1901 2731 1922 2796 f.
1950 2753 1997 2796 m.
2024 2732 2065 2795 de

558 2817 732 2990 ipepgegllilpus
758 2819 882 2882 domini
909 2817 1052 2881 Galfridi
1077 2820 1118 2881 de
1151 2819 1326 2896 Lisiniaoo,
1356 2821 1442 2902 quod
1472 2839 1576 2903 nuper
1605 2818 1670 2880 fuir
1698 2817 1891 2902 Radulphus
1924 2818 1997 2898 (sio)
2031 2819 2064 2882 le

603 3039 747 3102 Heredes
772 3039 929 3102 Johannis
951 3039 991 3102 de
1014 3039 1153 3122 Bryston
1170 3046 1283 3104 tenent
1299 3042 1334 3102 in
1349 3039 1509 3105 Dunnruo
1525 3040 1702 3104 inmediate
1718 3041 1763 3107 di.
1780 3042 1803 3108 f.
1820 3064 1864 3110 m.
1880 3043 1920 3108 de
1934 3040 2065 3106 Thomu

558 3128 727 3210 Roscelyn,
741 3127 827 3212 quod
843 3146 945 3210 nuper
959 3128 1024 3190 fuit
1039 3128 1130 3192 Petri
1146 3127 1205 3191 tilii
1220 3125 1370 3211 Philippi
1384 3127 1425 3191 de
1440 3125 1591 3212 Dallyng.

601 3269 759 3334 Ricardus
776 3271 907 3357 Gybbys
924 3279 1015 3338 tenet
1031 3277 1064 3337 in
1080 3275 1193 3338 eadem
1209 3276 1390 3340 inmediate
1405 3273 1449 3337 di.
1466 3273 1489 3338 f.
1505 3295 1551 3339 m.
1579 3273 1619 3337 de
1643 3273 1765 3338 Jaoobo
1790 3273 1830 3339 de
1855 3273 1950 3353 uror,
1973 3275 2063 3360 quod

557 3377 661 3440 nuper
674 3359 740 3422 fuit
755 3359 896 3424 Simonis
910 3363 949 3425 de
964 3363 1073 3427 Prat0.
1930 3367 1934 3376 ’

601 3502 745 3567 Heredes
781 3501 947 3568 Edmnndi
983 3504 1024 3569 de
1061 3504 1182 3588 Thorp,
1212 3505 1341 3583 militis,
1371 3511 1488 3570 tenent
1524 3506 1559 3569 in
1597 3505 1712 3571 eadem
1749 3505 1925 3571 inmediate
1954 3529 2061 3574 unum

558 3592 759 3675 quarterium
775 3591 798 3656 f.
816 3613 861 3658 m.
878 3593 918 3657 de
934 3593 1075 3658 Roberto
1090 3594 1217 3677 Virluy,
1231 3596 1318 3677 quod
1333 3614 1435 3677 nuper
1450 3594 1516 3657 fnit
1531 3593 1652 3660 Thome
1667 3592 1795 3659 Bakon.

601 3743 741 3808 Thomas
764 3744 876 3808 Estlee
902 3750 994 3810 tenet
1015 3746 1051 3809 in
1075 3747 1336 3813 Hrnnarnornru
1362 3746 1539 3812 inmediate
1567 3768 1668 3810 unum
1694 3747 1895 3832 quarterium
1920 3749 1943 3813 f.
1958 3772 2004 3817 m.
2020 3752 2061 3817 de

557 3830 698 3915 Hugone
712 3832 848 3896 Bardolf
859 3834 944 3918 quod
959 3854 1061 3918 nuper
1075 3835 1141 3897 fuir
1159 3835 1290 3901 Walteri
1303 3834 1337 3897 ie
1351 3834 1381 3897 N
1384 3854 1465 3900 oers.

600 3987 759 4051 Robertus
774 3988 875 4071 Gloys
889 3997 980 4053 tenet
994 3992 1029 4053 in
1044 3990 1157 4054 eadem
1171 3991 1351 4054 inmediate
1368 3991 1412 4055 di.
1428 3989 1451 4057 f.
1468 4013 1514 4056 m.
1529 3991 1568 4055 de
1584 3991 1726 4057 Roberto
1753 3991 1948 4078 Burgeiyon,
1972 3994 2060 4079 qnod

556 4095 659 4158 nuper
673 4076 738 4138 fuit
752 4074 919 4160 Radulphi
933 4077 993 4140 filii
1008 4077 1031 4141 J
1032 4076 1168 4141 ohannis
1182 4080 1222 4141 de
1237 4076 1401 4149 Rudham.

600 4226 715 4290 Comes
730 4226 960 4291 Huntindonie
974 4233 1066 4292 tenet
1080 4229 1115 4290 in
1130 4229 1240 4293 Prnvr
1255 4230 1493 4295 Wnnsruonan
1508 4230 1686 4295 inmediate
1709 4232 1749 4295 de
1768 4230 1843 4315 jure
1867 4234 1974 4297 uxoris
2001 4256 2059 4299 sue

554 4314 578 4399 j.
595 4313 617 4379 f.
633 4334 679 4380 m.
696 4320 730 4378 et
744 4316 790 4379 di.
806 4314 847 4378 de
861 4315 993 4378 domino
1007 4336 1082 4401 rege
1096 4318 1150 4381 i.o.
1166 4317 1251 4399 quod
1268 4337 1373 4400 nuper
1388 4318 1453 4380 fuir
1469 4317 1589 4381 Thome
1609 4322 1676 4397 (air)
1695 4318 1880 4384 Glosemie.

600 4468 732 4532 Beatrix
758 4468 861 4551 Halys
885 4474 978 4532 tenet
1001 4468 1037 4530 in
1059 4470 1172 4532 eadem
1197 4471 1375 4535 inmediate
1390 4472 1435 4537 di.
1452 4471 1474 4536 f.
1492 4493 1537 4535 m.
1554 4471 1595 4535 de
1610 4472 1729 4535 comite
1745 4470 1956 4554 Glouoestrie,
1971 4474 2058 4559 quod

555 4578 658 4639 nuper
672 4557 737 4618 fuit
753 4556 904 4638 Hugonis
918 4556 958 4621 de
974 4556 1127 4622 Gorham.

600 4710 738 4771 Thomas
770 4708 903 4793 Frenge,
933 4708 1080 4787 clericus,
1110 4714 1206 4772 tenet
1235 4710 1269 4772 in
1300 4708 1414 4772 eadem
1443 4708 1622 4773 inmediate
1658 4706 1703 4772 di.
1734 4705 1757 4773 f.
1789 4728 1835 4773 m.
1871 4709 1910 4771 de
1935 4710 2056 4774 uomite

556 4796 761 4860 Gloucestrie
777 4797 862 4881 quod
878 4816 982 4881 nuper
995 4797 1061 4859 fuir
1075 4796 1206 4862 Rioardi
1222 4796 1329 4863 Flore.

599 4954 691 5017 Prior
704 4952 743 5015 de
758 4952 990 5038 Walsyngham
1005 4958 1040 5015 et
1054 4951 1188 5016 heredes
1201 4952 1362 5015 Willelmi
1377 4950 1507 5036 Myohel
1524 4957 1681 5015 tenenent
1696 4952 1731 5014 in
1747 4950 1858 5015 eedem
1878 4951 2056 5016 inmediate

553 5041 763 5211 gddrplrlsltodee
774 5040 863 5103 dicto
877 5042 997 5105 comite
1013 5040 1226 5120 Glouoestrie,
1241 5041 1328 5125 qnod
1343 5059 1447 5122 nuper
1461 5041 1526 5102 fuit
1541 5042 1729 5103 tenenoium
1746 5046 1905 5103 terrarum
1920 5038 2055 5123 Romely

596 5267 736 5328 Domina
760 5267 927 5328 eomitissa
947 5264 989 5329 de
1013 5265 1154 5328 Stafford
1180 5269 1273 5328 tenet
1301 5266 1336 5327 in
1360 5266 1466 5333 Wnnn
1491 5265 1526 5327 iu
1551 5264 1627 5328 dote
1652 5264 1829 5328 inmediate
1851 5264 1877 5349 j.
1893 5262 1917 5328 f.
1941 5284 1986 5329 nr.
2015 5266 2055 5328 de

552 5354 684 5417 domino
699 5375 774 5438 rege
788 5356 839 5418 iu.
855 5354 940 5438 quod
955 5373 1057 5436 nuper
1071 5352 1136 5416 suit
1150 5353 1280 5416 comitis
1297 5353 1510 5419 Glouoestrie.

595 5492 693 5575 Hugo
709 5491 749 5553 de
764 5488 934 5566 Halsham‚
942 5489 1046 5569 miles,
1058 5495 1149 5553 tenet
1162 5491 1198 5551 in
1220 5488 1445 5576 [Srrvrr]1rnrn
1461 5494 1493 5553 et
1505 5490 1703 5581 Cormqnonn
1717 5488 1896 5581 inmediate
1910 5489 1955 5552 di.
1969 5487 1992 5553 f.
2006 5510 2051 5553 m.

551 5580 591 5642 de
605 5580 736 5642 domino
752 5599 827 5664 rege
842 5579 893 5641 ie.
909 5577 994 5661 quod
1010 5598 1113 5661 nuper
1127 5578 1193 5640 fuit
1208 5577 1393 5662 Adomayus
1414 5574 1598 5663 [Adomari]
1620 5578 1659 5639 de
1674 5576 1838 5641 Valenoiu.

594 5716 755 5784 Johannes
771 5712 994 5798 Irmynglond,
1015 5711 1198 5801 [eletione]
1219 5721 1253 5779 et
1268 5714 1443 5779 Edwardus
1465 5710 1663 5797 Turthevyle
1684 5718 1719 5777 et
1740 5714 1919 5797 peroenarii
1939 5717 2054 5777 tenent

549 5806 583 5866 in
607 5805 720 5867 eadem
745 5803 924 5867 inmediate
938 5802 963 5887 j.
980 5802 1003 5866 f.
1019 5823 1063 5867 m.
1080 5802 1121 5866 de
1136 5802 1275 5867 Ricardo
1290 5803 1358 5866 filio
1374 5801 1528 5880 Simonis,
1543 5802 1628 5887 quod
1643 5820 1746 5886 nuper
1761 5800 1824 5864 fuit
1841 5798 1999 5865 Willelmi
2012 5801 2054 5865 de

551 5889 766 5975 Hevyngham
782 5895 816 5953 et
833 5887 992 5956 Johannis
1008 5887 1216 5974 Turthevyle.
