<?xml version="1.0" encoding="UTF-8"?>
<!DOCTYPE html PUBLIC "-//W3C//DTD XHTML 1.0 Transitional//EN"
    "http://www.w3.org/TR/xhtml1/DTD/xhtml1-transitional.dtd">
<html xmlns="http://www.w3.org/1999/xhtml" xml:lang="en" lang="en">
 <head>
  <title>
</title>
<meta http-equiv="Content-Type" content="text/html;charset=utf-8" />
  <meta name='ocr-system' content='tesseract 3.04.00' />
  <meta name='ocr-capabilities' content='ocr_page ocr_carea ocr_par ocr_line ocrx_word'/>
</head>
<body>
  <div class='ocr_page' id='page_1' title='image "./inquisitionsand00offigoog_0094.png"; bbox 0 0 5000 7050; ppageno 0'>
   <div class='ocr_carea' id='block_1_1' title="bbox 1257 1074 1466 1177">
    <p class='ocr_par' dir='ltr' id='par_1_1' title="bbox 1257 1074 1466 1177">
     <span class='ocr_line' id='line_1_1' title="bbox 1257 1074 1466 1177; baseline -0.01 -36"><span class='ocrx_word' id='word_1_1' title='bbox 1257 1074 1389 1141; x_wconf 79' lang='lat' dir='ltr'><strong>anun.</strong></span> <span class='ocrx_word' id='word_1_2' title='bbox 1459 1162 1466 1177; x_wconf 88' lang='lat'><strong>.</strong></span> 
     </span>
    </p>
   </div>
   <div class='ocr_carea' id='block_1_2' title="bbox 1049 1362 1582 1453">
    <p class='ocr_par' dir='ltr' id='par_1_2' title="bbox 1049 1362 1582 1453">
     <span class='ocr_line' id='line_1_2' title="bbox 1049 1362 1582 1453; baseline 0 -22"><span class='ocrx_word' id='word_1_3' title='bbox 1049 1362 1284 1451; x_wconf 82' lang='lat' dir='ltr'><strong>[Hunnnanun</strong></span> <span class='ocrx_word' id='word_1_4' title='bbox 1309 1364 1368 1453; x_wconf 86' lang='lat' dir='ltr'><strong>un]</strong></span> <span class='ocrx_word' id='word_1_5' title='bbox 1400 1366 1582 1434; x_wconf 84' lang='lat' dir='ltr'><strong>STRETE.</strong></span> 
     </span>
    </p>
   </div>
   <div class='ocr_carea' id='block_1_3' title="bbox 555 1499 2063 2197">
    <p class='ocr_par' dir='ltr' id='par_1_3' title="bbox 555 1499 2063 2197">
     <span class='ocr_line' id='line_1_3' title="bbox 601 1499 2063 1597; baseline 0.001 -34"><span class='ocrx_word' id='word_1_6' title='bbox 601 1499 781 1584; x_wconf 85' lang='lat' dir='ltr'><strong>Inquisic&#39;io</strong></span> <span class='ocrx_word' id='word_1_7' title='bbox 795 1506 891 1584; x_wconf 86' lang='lat' dir='ltr'><strong>capta</strong></span> <span class='ocrx_word' id='word_1_8' title='bbox 904 1502 989 1586; x_wconf 89' lang='lat' dir='ltr'><strong>apud</strong></span> <span class='ocrx_word' id='word_1_9' title='bbox 1005 1502 1124 1567; x_wconf 83' lang='lat' dir='ltr'><strong>Eiham</strong></span> <span class='ocrx_word' id='word_1_10' title='bbox 1139 1506 1175 1567; x_wconf 92' lang='lat' dir='ltr'><strong>in</strong></span> <span class='ocrx_word' id='word_1_11' title='bbox 1189 1505 1349 1569; x_wconf 84' lang='lat' dir='ltr'><strong>comitatu</strong></span> <span class='ocrx_word' id='word_1_12' title='bbox 1365 1504 1500 1586; x_wconf 87' lang='lat' dir='ltr'><strong>Kancie‚</strong></span> <span class='ocrx_word' id='word_1_13' title='bbox 1510 1506 1612 1569; x_wconf 91' lang='lat' dir='ltr'><strong>tercio</strong></span> <span class='ocrx_word' id='word_1_14' title='bbox 1627 1504 1679 1569; x_wconf 92' lang='lat' dir='ltr'><strong>die</strong></span> <span class='ocrx_word' id='word_1_15' title='bbox 1694 1504 1715 1567; x_wconf 90' lang='lat' dir='ltr'>J</span> <span class='ocrx_word' id='word_1_16' title='bbox 1717 1503 1856 1583; x_wconf 90' lang='lat' dir='ltr'><strong>anuarii,</strong></span> <span class='ocrx_word' id='word_1_17' title='bbox 1866 1521 1952 1566; x_wconf 87' lang='lat' dir='ltr'><strong>anno</strong></span> <span class='ocrx_word' id='word_1_18' title='bbox 1966 1501 2063 1597; x_wconf 66' lang='lat' dir='ltr'><strong>regni</strong></span> 
     </span>
     <span class='ocr_line' id='line_1_4' title="bbox 555 1588 2060 1758; baseline 0.001 -19"><span class='ocrx_word' id='word_1_19' title='bbox 555 1588 1100 1742; x_wconf 53' lang='lat' dir='ltr'><strong>tttil‘ttt‘latattt</strong></span> <span class='ocrx_word' id='word_1_20' title='bbox 1115 1591 1567 1758; x_wconf 61' lang='lat' dir='ltr'><strong>Jtltltitltttt</strong></span> <span class='ocrx_word' id='word_1_21' title='bbox 1583 1595 1717 1744; x_wconf 62' lang='lat' dir='ltr'><strong>trra</strong></span> <span class='ocrx_word' id='word_1_22' title='bbox 1735 1612 1794 1741; x_wconf 64' lang='lat' dir='ltr'><strong>tt}</strong></span> <span class='ocrx_word' id='word_1_23' title='bbox 1820 1596 2060 1741; x_wconf 56' lang='lat' dir='ltr'><strong>ttffitffit</strong></span> 
     </span>
     <span class='ocr_line' id='line_1_5' title="bbox 558 1699 2059 1852; baseline 0.001 -26"><span class='ocrx_word' id='word_1_24' title='bbox 558 1761 665 1841; x_wconf 82' lang='lat' dir='ltr'><strong>Clark,</strong></span> <span class='ocrx_word' id='word_1_25' title='bbox 681 1765 838 1828; x_wconf 87' lang='lat' dir='ltr'><strong>Willelmi</strong></span> <span class='ocrx_word' id='word_1_26' title='bbox 851 1723 921 1828; x_wconf 65' lang='lat' dir='ltr'><strong>atta</strong></span> <span class='ocrx_word' id='word_1_27' title='bbox 937 1764 1052 1844; x_wconf 89' lang='lat' dir='ltr'><strong>Berne,</strong></span> <span class='ocrx_word' id='word_1_28' title='bbox 1068 1699 1201 1831; x_wconf 60' lang='lat' dir='ltr'><strong>Riycgardi</strong></span> <span class='ocrx_word' id='word_1_29' title='bbox 1214 1768 1336 1852; x_wconf 85' lang='lat' dir='ltr'><strong>Kynet‚</strong></span> <span class='ocrx_word' id='word_1_30' title='bbox 1352 1768 1373 1831; x_wconf 90' lang='lat' dir='ltr'>J</span> <span class='ocrx_word' id='word_1_31' title='bbox 1375 1766 1510 1832; x_wconf 90' lang='lat' dir='ltr'><strong>ohannis</strong></span> <span class='ocrx_word' id='word_1_32' title='bbox 1531 1726 1601 1831; x_wconf 71' lang='lat' dir='ltr'><strong>atta</strong></span> <span class='ocrx_word' id='word_1_33' title='bbox 1628 1768 1747 1847; x_wconf 83' lang='lat' dir='ltr'><strong>Grovs,</strong></span> <span class='ocrx_word' id='word_1_34' title='bbox 1770 1699 1928 1830; x_wconf 46' lang='lat' dir='ltr'><strong>Jgian&#39;nis</strong></span> <span class='ocrx_word' id='word_1_35' title='bbox 1953 1764 2059 1845; x_wconf 75' lang='lat' dir='ltr'><strong>Rosa,</strong></span> 
     </span>
     <span class='ocr_line' id='line_1_6' title="bbox 560 1850 2057 1939; baseline 0.004 -30"><span class='ocrx_word' id='word_1_36' title='bbox 560 1850 718 1915; x_wconf 90' lang='lat' dir='ltr'><strong>Willclmi</strong></span> <span class='ocrx_word' id='word_1_37' title='bbox 743 1851 866 1935; x_wconf 89' lang='lat' dir='ltr'><strong>Kynet,</strong></span> <span class='ocrx_word' id='word_1_38' title='bbox 892 1852 1015 1917; x_wconf 88' lang='lat' dir='ltr'><strong>Thoma</strong></span> <span class='ocrx_word' id='word_1_39' title='bbox 1040 1854 1198 1933; x_wconf 90' lang='lat' dir='ltr'><strong>Decchur,</strong></span> <span class='ocrx_word' id='word_1_40' title='bbox 1220 1861 1256 1918; x_wconf 88' lang='lat' dir='ltr'><strong>et</strong></span> <span class='ocrx_word' id='word_1_41' title='bbox 1285 1855 1446 1920; x_wconf 88' lang='lat' dir='ltr'><strong>Johannis</strong></span> <span class='ocrx_word' id='word_1_42' title='bbox 1475 1856 1600 1935; x_wconf 87' lang='lat' dir='ltr'><strong>Emele,</strong></span> <span class='ocrx_word' id='word_1_43' title='bbox 1631 1856 1804 1939; x_wconf 92' lang='lat' dir='ltr'><strong>proborum</strong></span> <span class='ocrx_word' id='word_1_44' title='bbox 1836 1861 1871 1917; x_wconf 87' lang='lat' dir='ltr'><strong>et</strong></span> <span class='ocrx_word' id='word_1_45' title='bbox 1900 1853 2057 1939; x_wconf 87' lang='lat' dir='ltr'><strong>legalium</strong></span> 
     </span>
     <span class='ocr_line' id='line_1_7' title="bbox 558 1936 2056 2027; baseline 0.003 -27"><span class='ocrx_word' id='word_1_46' title='bbox 558 1936 727 2001; x_wconf 90' lang='lat' dir='ltr'><strong>hominum</strong></span> <span class='ocrx_word' id='word_1_47' title='bbox 752 1947 787 2003; x_wconf 88' lang='lat' dir='ltr'><strong>et</strong></span> <span class='ocrx_word' id='word_1_48' title='bbox 808 1939 993 2023; x_wconf 89' lang='lat' dir='ltr'><strong>juratorum</strong></span> <span class='ocrx_word' id='word_1_49' title='bbox 1017 1942 1179 2005; x_wconf 75' lang='lat' dir='ltr'><strong>hundredi</strong></span> <span class='ocrx_word' id='word_1_50' title='bbox 1204 1943 1245 2006; x_wconf 88' lang='lat' dir='ltr'><strong>de</strong></span> <span class='ocrx_word' id='word_1_51' title='bbox 1270 1948 1381 2020; x_wconf 87' lang='lat' dir='ltr'><strong>strete,</strong></span> <span class='ocrx_word' id='word_1_52' title='bbox 1396 1946 1452 2027; x_wconf 89' lang='lat' dir='ltr'><strong>qni</strong></span> <span class='ocrx_word' id='word_1_53' title='bbox 1469 1944 1585 2007; x_wconf 88' lang='lat' dir='ltr'><strong>dicunt</strong></span> <span class='ocrx_word' id='word_1_54' title='bbox 1600 1964 1695 2027; x_wconf 89' lang='lat' dir='ltr'><strong>super</strong></span> <span class='ocrx_word' id='word_1_55' title='bbox 1710 1944 1947 2005; x_wconf 89' lang='lat' dir='ltr'><strong>sacramentum</strong></span> <span class='ocrx_word' id='word_1_56' title='bbox 1962 1960 2056 2005; x_wconf 88' lang='lat' dir='ltr'><strong>suum</strong></span> 
     </span>
     <span class='ocr_line' id='line_1_8' title="bbox 557 2026 2057 2197; baseline 0.001 -108"><span class='ocrx_word' id='word_1_57' title='bbox 557 2026 860 2197; x_wconf 48' lang='lat' dir='ltr'><strong>gppgpitiisxlgpneris</strong></span> <span class='ocrx_word' id='word_1_58' title='bbox 875 2029 1022 2111; x_wconf 84' lang='lat' dir='ltr'><strong>proximo</strong></span> <span class='ocrx_word' id='word_1_59' title='bbox 1037 2029 1252 2093; x_wconf 78' lang='lat' dir='ltr'><strong>antefactum</strong></span> <span class='ocrx_word' id='word_1_60' title='bbox 1268 2029 1379 2095; x_wconf 78' lang='lat' dir='ltr'><strong>Sancti</strong></span> <span class='ocrx_word' id='word_1_61' title='bbox 1396 2031 1541 2109; x_wconf 84' lang='lat' dir='ltr'><strong>Hillarii‚</strong></span> <span class='ocrx_word' id='word_1_62' title='bbox 1564 2030 1717 2114; x_wconf 89' lang='lat' dir='ltr'><strong>episcopi,</strong></span> <span class='ocrx_word' id='word_1_63' title='bbox 1742 2048 1825 2093; x_wconf 90' lang='lat' dir='ltr'><strong>anno</strong></span> <span class='ocrx_word' id='word_1_64' title='bbox 1848 2030 1946 2113; x_wconf 88' lang='lat' dir='ltr'><strong>regni</strong></span> <span class='ocrx_word' id='word_1_65' title='bbox 1972 2028 2057 2113; x_wconf 90' lang='lat' dir='ltr'><strong>regis</strong></span> 
     </span>
    </p>
   </div>
   <div class='ocr_carea' id='block_1_4' title="bbox 553 2251 2056 2599">
    <p class='ocr_par' dir='ltr' id='par_1_4' title="bbox 553 2251 2056 2599">
     <span class='ocr_line' id='line_1_9' title="bbox 601 2251 2054 2341; baseline 0.001 -28"><span class='ocrx_word' id='word_1_66' title='bbox 601 2251 740 2315; x_wconf 88' lang='lat' dir='ltr'><strong>Thomas</strong></span> <span class='ocrx_word' id='word_1_67' title='bbox 754 2251 892 2336; x_wconf 81' lang='lat' dir='ltr'><strong>Kyriell,</strong></span> <span class='ocrx_word' id='word_1_68' title='bbox 906 2254 1011 2329; x_wconf 90' lang='lat' dir='ltr'><strong>miles,</strong></span> <span class='ocrx_word' id='word_1_69' title='bbox 1026 2253 1066 2317; x_wconf 91' lang='lat' dir='ltr'><strong>de</strong></span> <span class='ocrx_word' id='word_1_70' title='bbox 1080 2254 1234 2338; x_wconf 89' lang='lat' dir='ltr'><strong>parochia</strong></span> <span class='ocrx_word' id='word_1_71' title='bbox 1247 2254 1289 2318; x_wconf 92' lang='lat' dir='ltr'><strong>de</strong></span> <span class='ocrx_word' id='word_1_72' title='bbox 1304 2256 1557 2341; x_wconf 88' lang='lat' dir='ltr'><strong>Ostinghangre,</strong></span> <span class='ocrx_word' id='word_1_73' title='bbox 1579 2256 1645 2320; x_wconf 88' lang='lat' dir='ltr'><strong>fuit</strong></span> <span class='ocrx_word' id='word_1_74' title='bbox 1671 2255 1809 2331; x_wconf 73' lang='lat' dir='ltr'>saisitus,</span> <span class='ocrx_word' id='word_1_75' title='bbox 1834 2254 1869 2315; x_wconf 90' lang='lat' dir='ltr'><strong>in</strong></span> <span class='ocrx_word' id='word_1_76' title='bbox 1891 2252 2054 2315; x_wconf 90' lang='lat' dir='ltr'><strong>dominico</strong></span> 
     </span>
     <span class='ocr_line' id='line_1_10' title="bbox 558 2340 2056 2429; baseline 0.001 -28"><span class='ocrx_word' id='word_1_77' title='bbox 558 2359 625 2418; x_wconf 91' lang='lat' dir='ltr'><strong>suo,</strong></span> <span class='ocrx_word' id='word_1_78' title='bbox 652 2345 691 2403; x_wconf 92' lang='lat' dir='ltr'><strong>ut</strong></span> <span class='ocrx_word' id='word_1_79' title='bbox 714 2340 754 2402; x_wconf 91' lang='lat' dir='ltr'><strong>de</strong></span> <span class='ocrx_word' id='word_1_80' title='bbox 778 2340 878 2404; x_wconf 89' lang='lat' dir='ltr'><strong>libero</strong></span> <span class='ocrx_word' id='word_1_81' title='bbox 903 2345 1094 2405; x_wconf 81' lang='lat' dir='ltr'><strong>tenemento</strong></span> <span class='ocrx_word' id='word_1_82' title='bbox 1108 2362 1175 2421; x_wconf 87' lang='lat' dir='ltr'><strong>suo,</strong></span> <span class='ocrx_word' id='word_1_83' title='bbox 1191 2345 1226 2405; x_wconf 93' lang='lat' dir='ltr'><strong>in</strong></span> <span class='ocrx_word' id='word_1_84' title='bbox 1242 2345 1388 2407; x_wconf 87' lang='lat' dir='ltr'><strong>manerio</strong></span> <span class='ocrx_word' id='word_1_85' title='bbox 1402 2346 1442 2429; x_wconf 88' lang='lat' dir='ltr'><strong>de</strong></span> <span class='ocrx_word' id='word_1_86' title='bbox 1459 2344 1718 2411; x_wconf 80' lang='lat' dir='ltr'><strong>Osvmanancsn</strong></span> <span class='ocrx_word' id='word_1_87' title='bbox 1733 2347 1768 2406; x_wconf 90' lang='lat' dir='ltr'><strong>et</strong></span> <span class='ocrx_word' id='word_1_88' title='bbox 1785 2341 1966 2419; x_wconf 77' lang='lat' dir='ltr'><strong>Snouurorv,</strong></span> <span class='ocrx_word' id='word_1_89' title='bbox 1981 2360 2056 2403; x_wconf 87' lang='lat' dir='ltr'><strong>curn</strong></span> 
     </span>
     <span class='ocr_line' id='line_1_11' title="bbox 553 2427 2055 2599; baseline 0.001 -110"><span class='ocrx_word' id='word_1_90' title='bbox 553 2427 765 2598; x_wconf 50' lang='lat' dir='ltr'><strong>peptipenectiip</strong></span> <span class='ocrx_word' id='word_1_91' title='bbox 787 2427 1008 2599; x_wconf 52' lang='lat' dir='ltr'><strong>ppaffiocpia</strong></span> <span class='ocrx_word' id='word_1_92' title='bbox 1038 2430 1193 2512; x_wconf 87' lang='lat' dir='ltr'><strong>predicta,</strong></span> <span class='ocrx_word' id='word_1_93' title='bbox 1226 2437 1268 2535; x_wconf 44' lang='lat' dir='ltr'><strong>et·</strong></span> <span class='ocrx_word' id='word_1_94' title='bbox 1297 2433 1333 2493; x_wconf 95' lang='lat' dir='ltr'><strong>in</strong></span> <span class='ocrx_word' id='word_1_95' title='bbox 1366 2430 1536 2495; x_wconf 88' lang='lat' dir='ltr'><strong>hundredo</strong></span> <span class='ocrx_word' id='word_1_96' title='bbox 1564 2431 1760 2515; x_wconf 86' lang='lat' dir='ltr'><strong>supradicto,</strong></span> <span class='ocrx_word' id='word_1_97' title='bbox 1791 2448 1848 2511; x_wconf 90' lang='lat' dir='ltr'><strong>per</strong></span> <span class='ocrx_word' id='word_1_98' title='bbox 1883 2428 2055 2491; x_wconf 81' lang='lat' dir='ltr'><strong>servicium</strong></span> 
     </span>
    </p>
   </div>
   <div class='ocr_carea' id='block_1_5' title="bbox 557 2652 2054 2919">
    <p class='ocr_par' dir='ltr' id='par_1_5' title="bbox 557 2652 2054 2919">
     <span class='ocr_line' id='line_1_12' title="bbox 601 2652 2054 2740; baseline 0.003 -28"><span class='ocrx_word' id='word_1_99' title='bbox 601 2652 786 2716; x_wconf 86' lang='lat' dir='ltr'><strong>Willelmus</strong></span> <span class='ocrx_word' id='word_1_100' title='bbox 807 2652 932 2731; x_wconf 72' lang='lat' dir='ltr'><strong>Haste,</strong></span> <span class='ocrx_word' id='word_1_101' title='bbox 957 2655 1104 2739; x_wconf 86' lang='lat' dir='ltr'><strong>armiger,</strong></span> <span class='ocrx_word' id='word_1_102' title='bbox 1128 2654 1170 2718; x_wconf 90' lang='lat' dir='ltr'><strong>de</strong></span> <span class='ocrx_word' id='word_1_103' title='bbox 1185 2656 1337 2739; x_wconf 87' lang='lat' dir='ltr'><strong>parochia</strong></span> <span class='ocrx_word' id='word_1_104' title='bbox 1351 2657 1392 2721; x_wconf 86' lang='lat' dir='ltr'><strong>de</strong></span> <span class='ocrx_word' id='word_1_105' title='bbox 1408 2656 1699 2740; x_wconf 88' lang='lat' dir='ltr'><strong>Bisshopshourne,</strong></span> <span class='ocrx_word' id='word_1_106' title='bbox 1713 2654 1777 2719; x_wconf 89' lang='lat' dir='ltr'><strong>fuit</strong></span> <span class='ocrx_word' id='word_1_107' title='bbox 1793 2655 1922 2718; x_wconf 85' lang='lat' dir='ltr'><strong>saisitus</strong></span> <span class='ocrx_word' id='word_1_108' title='bbox 1937 2658 2004 2719; x_wconf 84' lang='lat' dir='ltr'><strong>etc.</strong></span> <span class='ocrx_word' id='word_1_109' title='bbox 2019 2654 2054 2717; x_wconf 94' lang='lat' dir='ltr'><strong>in</strong></span> 
     </span>
     <span class='ocr_line' id='line_1_13' title="bbox 557 2739 2054 2828; baseline 0.001 -25"><span class='ocrx_word' id='word_1_110' title='bbox 557 2740 702 2803; x_wconf 88' lang='lat' dir='ltr'><strong>manerio</strong></span> <span class='ocrx_word' id='word_1_111' title='bbox 715 2740 757 2803; x_wconf 93' lang='lat' dir='ltr'><strong>de</strong></span> <span class='ocrx_word' id='word_1_112' title='bbox 773 2739 960 2820; x_wconf 81' lang='lat' dir='ltr'><strong>Oraaronn,</strong></span> <span class='ocrx_word' id='word_1_113' title='bbox 974 2762 1048 2805; x_wconf 90' lang='lat' dir='ltr'><strong>cum</strong></span> <span class='ocrx_word' id='word_1_114' title='bbox 1063 2744 1287 2826; x_wconf 75' lang='lat' dir='ltr'><strong>pertinenciis,</strong></span> <span class='ocrx_word' id='word_1_115' title='bbox 1303 2746 1338 2807; x_wconf 93' lang='lat' dir='ltr'><strong>in</strong></span> <span class='ocrx_word' id='word_1_116' title='bbox 1353 2743 1506 2828; x_wconf 88' lang='lat' dir='ltr'><strong>parochia</strong></span> <span class='ocrx_word' id='word_1_117' title='bbox 1526 2746 1567 2808; x_wconf 91' lang='lat' dir='ltr'><strong>de</strong></span> <span class='ocrx_word' id='word_1_118' title='bbox 1590 2745 1745 2821; x_wconf 80' lang='lat' dir='ltr'><strong>Lrnnrvn,</strong></span> <span class='ocrx_word' id='word_1_119' title='bbox 1768 2749 1803 2805; x_wconf 90' lang='lat' dir='ltr'><strong>et</strong></span> <span class='ocrx_word' id='word_1_120' title='bbox 1826 2744 1862 2805; x_wconf 90' lang='lat' dir='ltr'><strong>in</strong></span> <span class='ocrx_word' id='word_1_121' title='bbox 1888 2740 2054 2805; x_wconf 89' lang='lat' dir='ltr'><strong>hundredo</strong></span> 
     </span>
     <span class='ocr_line' id='line_1_14' title="bbox 557 2828 1606 2919; baseline 0.004 -28"><span class='ocrx_word' id='word_1_122' title='bbox 557 2828 753 2913; x_wconf 88' lang='lat' dir='ltr'><strong>supradicto,</strong></span> <span class='ocrx_word' id='word_1_123' title='bbox 769 2829 857 2911; x_wconf 91' lang='lat' dir='ltr'><strong>qnod</strong></span> <span class='ocrx_word' id='word_1_124' title='bbox 871 2834 1002 2892; x_wconf 87' lang='lat' dir='ltr'><strong>tenetur</strong></span> <span class='ocrx_word' id='word_1_125' title='bbox 1016 2850 1073 2913; x_wconf 89' lang='lat' dir='ltr'><strong>per</strong></span> <span class='ocrx_word' id='word_1_126' title='bbox 1087 2832 1259 2894; x_wconf 84' lang='lat' dir='ltr'><strong>servicium</strong></span> <span class='ocrx_word' id='word_1_127' title='bbox 1274 2831 1372 2896; x_wconf 87' lang='lat' dir='ltr'><strong>unius</strong></span> <span class='ocrx_word' id='word_1_128' title='bbox 1386 2834 1507 2919; x_wconf 85' lang='lat' dir='ltr'><strong>integri</strong></span> <span class='ocrx_word' id='word_1_129' title='bbox 1522 2832 1545 2896; x_wconf 84' lang='lat' dir='ltr'><strong>l.</strong></span> <span class='ocrx_word' id='word_1_130' title='bbox 1562 2852 1606 2895; x_wconf 91' lang='lat' dir='ltr'><strong>m.</strong></span> 
     </span>
    </p>
   </div>
   <div class='ocr_carea' id='block_1_6' title="bbox 556 2962 2055 3311">
    <p class='ocr_par' dir='ltr' id='par_1_6' title="bbox 556 2962 2055 3311">
     <span class='ocr_line' id='line_1_15' title="bbox 601 2962 2054 3053; baseline 0.001 -26"><span class='ocrx_word' id='word_1_131' title='bbox 601 2963 767 3029; x_wconf 85' lang='lat' dir='ltr'><strong>Johannes</strong></span> <span class='ocrx_word' id='word_1_132' title='bbox 803 2962 944 3047; x_wconf 83' lang='lat' dir='ltr'><strong>Colvyle,</strong></span> <span class='ocrx_word' id='word_1_133' title='bbox 981 2967 1089 3045; x_wconf 82' lang='lat' dir='ltr'><strong>miles,</strong></span> <span class='ocrx_word' id='word_1_134' title='bbox 1126 2974 1161 3029; x_wconf 87' lang='lat' dir='ltr'><strong>et</strong></span> <span class='ocrx_word' id='word_1_135' title='bbox 1198 2968 1362 3033; x_wconf 89' lang='lat' dir='ltr'><strong>Johannes</strong></span> <span class='ocrx_word' id='word_1_136' title='bbox 1400 2968 1533 3053; x_wconf 87' lang='lat' dir='ltr'><strong>Spysur,</strong></span> <span class='ocrx_word' id='word_1_137' title='bbox 1569 2968 1771 3053; x_wconf 84' lang='lat' dir='ltr'><strong>gentylman,</strong></span> <span class='ocrx_word' id='word_1_138' title='bbox 1808 2965 1848 3029; x_wconf 88' lang='lat' dir='ltr'><strong>de</strong></span> <span class='ocrx_word' id='word_1_139' title='bbox 1895 2965 2054 3029; x_wconf 88' lang='lat' dir='ltr'><strong>comitatu</strong></span> 
     </span>
     <span class='ocr_line' id='line_1_16' title="bbox 557 3050 2054 3137; baseline 0.003 -22"><span class='ocrx_word' id='word_1_140' title='bbox 557 3050 924 3135; x_wconf 85' lang='lat' dir='ltr'><strong>Gantebregie‚iuernnt</strong></span> <span class='ocrx_word' id='word_1_141' title='bbox 939 3056 1113 3137; x_wconf 88' lang='lat' dir='ltr'><strong>separatim</strong></span> <span class='ocrx_word' id='word_1_142' title='bbox 1129 3056 1234 3118; x_wconf 87' lang='lat' dir='ltr'><strong>scisiti</strong></span> <span class='ocrx_word' id='word_1_143' title='bbox 1249 3062 1312 3121; x_wconf 86' lang='lat' dir='ltr'><strong>eto.</strong></span> <span class='ocrx_word' id='word_1_144' title='bbox 1326 3057 1361 3119; x_wconf 95' lang='lat' dir='ltr'><strong>in</strong></span> <span class='ocrx_word' id='word_1_145' title='bbox 1377 3058 1522 3120; x_wconf 85' lang='lat' dir='ltr'><strong>manerio</strong></span> <span class='ocrx_word' id='word_1_146' title='bbox 1537 3056 1578 3121; x_wconf 86' lang='lat' dir='ltr'><strong>ds</strong></span> <span class='ocrx_word' id='word_1_147' title='bbox 1595 3056 1724 3123; x_wconf 79' lang='lat' dir='ltr'><strong>Sraavn</strong></span> <span class='ocrx_word' id='word_1_148' title='bbox 1741 3102 2054 3131; x_wconf 90' lang='grc'><strong>.......</strong></span> 
     </span>
     <span class='ocr_line' id='line_1_17' title="bbox 556 3137 2055 3227; baseline 0.001 -26"><span class='ocrx_word' id='word_1_149' title='bbox 556 3139 591 3201; x_wconf 91' lang='lat' dir='ltr'><strong>in</strong></span> <span class='ocrx_word' id='word_1_150' title='bbox 618 3137 770 3223; x_wconf 91' lang='lat' dir='ltr'><strong>parochia</strong></span> <span class='ocrx_word' id='word_1_151' title='bbox 794 3139 836 3203; x_wconf 90' lang='lat' dir='ltr'><strong>de</strong></span> <span class='ocrx_word' id='word_1_152' title='bbox 860 3139 1004 3222; x_wconf 87' lang='lat' dir='ltr'><strong>Lymenc</strong></span> <span class='ocrx_word' id='word_1_153' title='bbox 1031 3141 1227 3225; x_wconf 85' lang='lat' dir='ltr'><strong>supradicta,</strong></span> <span class='ocrx_word' id='word_1_154' title='bbox 1250 3148 1284 3207; x_wconf 90' lang='lat' dir='ltr'><strong>et</strong></span> <span class='ocrx_word' id='word_1_155' title='bbox 1307 3145 1343 3206; x_wconf 91' lang='lat' dir='ltr'><strong>in</strong></span> <span class='ocrx_word' id='word_1_156' title='bbox 1358 3143 1525 3208; x_wconf 89' lang='lat' dir='ltr'><strong>hundredo</strong></span> <span class='ocrx_word' id='word_1_157' title='bbox 1540 3144 1735 3227; x_wconf 86' lang='lat' dir='ltr'><strong>supradicto,</strong></span> <span class='ocrx_word' id='word_1_158' title='bbox 1751 3140 1838 3225; x_wconf 92' lang='lat' dir='ltr'><strong>quod</strong></span> <span class='ocrx_word' id='word_1_159' title='bbox 1852 3146 1985 3205; x_wconf 84' lang='lat' dir='ltr'><strong>tenetur</strong></span> <span class='ocrx_word' id='word_1_160' title='bbox 1999 3160 2055 3225; x_wconf 89' lang='lat' dir='ltr'><strong>per</strong></span> 
     </span>
     <span class='ocr_line' id='line_1_18' title="bbox 556 3224 1637 3311; baseline 0 -20"><span class='ocrx_word' id='word_1_161' title='bbox 556 3227 766 3309; x_wconf 87' lang='lat' dir='ltr'><strong>serviciumj.</strong></span> <span class='ocrx_word' id='word_1_162' title='bbox 783 3225 808 3293; x_wconf 84' lang='lat' dir='ltr'><strong>f.</strong></span> <span class='ocrx_word' id='word_1_163' title='bbox 823 3228 944 3311; x_wconf 79' lang='lat' dir='ltr'><strong>integri</strong></span> <span class='ocrx_word' id='word_1_164' title='bbox 958 3248 1004 3292; x_wconf 92' lang='lat' dir='ltr'><strong>m.</strong></span> <span class='ocrx_word' id='word_1_165' title='bbox 1630 3224 1637 3239; x_wconf 83' lang='lat'>&#39;</span> 
     </span>
    </p>
   </div>
   <div class='ocr_carea' id='block_1_7' title="bbox 550 3363 2054 4417">
    <p class='ocr_par' dir='ltr' id='par_1_7' title="bbox 550 3363 2054 4417">
     <span class='ocr_line' id='line_1_19' title="bbox 600 3363 2054 3455; baseline -0.001 -27"><span class='ocrx_word' id='word_1_166' title='bbox 600 3364 764 3428; x_wconf 88' lang='lat' dir='ltr'><strong>Johannes</strong></span> <span class='ocrx_word' id='word_1_167' title='bbox 786 3364 927 3447; x_wconf 82' lang='lat' dir='ltr'><strong>Cclvyle,</strong></span> <span class='ocrx_word' id='word_1_168' title='bbox 953 3364 1061 3445; x_wconf 85' lang='lat' dir='ltr'><strong>miles,</strong></span> <span class='ocrx_word' id='word_1_169' title='bbox 1083 3372 1118 3431; x_wconf 91' lang='lat' dir='ltr'><strong>st</strong></span> <span class='ocrx_word' id='word_1_170' title='bbox 1146 3366 1312 3432; x_wconf 88' lang='lat' dir='ltr'><strong>Johannes</strong></span> <span class='ocrx_word' id='word_1_171' title='bbox 1341 3367 1473 3453; x_wconf 80' lang='lat' dir='ltr'><strong>Spysur,</strong></span> <span class='ocrx_word' id='word_1_172' title='bbox 1511 3369 1704 3455; x_wconf 89' lang='lat' dir='ltr'><strong>gentilman,</strong></span> <span class='ocrx_word' id='word_1_173' title='bbox 1733 3367 1874 3429; x_wconf 87' lang='lat' dir='ltr'><strong>Thomas</strong></span> <span class='ocrx_word' id='word_1_174' title='bbox 1904 3363 2054 3448; x_wconf 84' lang='lat' dir='ltr'><strong>Stonlyk,</strong></span> 
     </span>
     <span class='ocr_line' id='line_1_20' title="bbox 556 3450 2051 3541; baseline -0.001 -25"><span class='ocrx_word' id='word_1_175' title='bbox 556 3451 748 3538; x_wconf 87' lang='lat' dir='ltr'><strong>gentilman,</strong></span> <span class='ocrx_word' id='word_1_176' title='bbox 773 3450 814 3516; x_wconf 86' lang='lat' dir='ltr'><strong>ds</strong></span> <span class='ocrx_word' id='word_1_177' title='bbox 835 3453 985 3536; x_wconf 87' lang='lat' dir='ltr'><strong>parochia</strong></span> <span class='ocrx_word' id='word_1_178' title='bbox 1007 3452 1048 3517; x_wconf 89' lang='lat' dir='ltr'><strong>ds</strong></span> <span class='ocrx_word' id='word_1_179' title='bbox 1062 3453 1235 3541; x_wconf 85' lang='lat' dir='ltr'><strong>Gestlyng,</strong></span> <span class='ocrx_word' id='word_1_180' title='bbox 1251 3457 1461 3521; x_wconf 82' lang='lat' dir='ltr'><strong>incomitata</strong></span> <span class='ocrx_word' id='word_1_181' title='bbox 1479 3456 1640 3533; x_wconf 84' lang='lat' dir='ltr'><strong>Sussexie,</strong></span> <span class='ocrx_word' id='word_1_182' title='bbox 1655 3456 1843 3539; x_wconf 86' lang='lat' dir='ltr'><strong>Margareta</strong></span> <span class='ocrx_word' id='word_1_183' title='bbox 1857 3451 2051 3536; x_wconf 81' lang='lat' dir='ltr'><strong>Oiyderove,</strong></span> 
     </span>
     <span class='ocr_line' id='line_1_21' title="bbox 556 3539 2053 3629; baseline 0.001 -26"><span class='ocrx_word' id='word_1_184' title='bbox 556 3539 719 3624; x_wconf 91' lang='lat' dir='ltr'><strong>qnondam</strong></span> <span class='ocrx_word' id='word_1_185' title='bbox 734 3559 813 3603; x_wconf 84' lang='lat' dir='ltr'><strong>uxor</strong></span> <span class='ocrx_word' id='word_1_186' title='bbox 828 3539 986 3604; x_wconf 81' lang='lat' dir='ltr'><strong>willelmi</strong></span> <span class='ocrx_word' id='word_1_187' title='bbox 1002 3541 1195 3625; x_wconf 72' lang='lat' dir='ltr'><strong>hlyderovve,</strong></span> <span class='ocrx_word' id='word_1_188' title='bbox 1215 3545 1256 3607; x_wconf 87' lang='lat' dir='ltr'><strong>de</strong></span> <span class='ocrx_word' id='word_1_189' title='bbox 1279 3547 1430 3629; x_wconf 86' lang='lat' dir='ltr'><strong>parochia</strong></span> <span class='ocrx_word' id='word_1_190' title='bbox 1456 3545 1568 3610; x_wconf 83' lang='lat' dir='ltr'><strong>Sancti</strong></span> <span class='ocrx_word' id='word_1_191' title='bbox 1593 3542 1744 3608; x_wconf 88' lang='lat' dir='ltr'><strong>Nicholai</strong></span> <span class='ocrx_word' id='word_1_192' title='bbox 1768 3543 1854 3606; x_wconf 88' lang='lat' dir='ltr'><strong>inira</strong></span> <span class='ocrx_word' id='word_1_193' title='bbox 1877 3541 1990 3604; x_wconf 89' lang='lat' dir='ltr'><strong>villam</strong></span> <span class='ocrx_word' id='word_1_194' title='bbox 2012 3540 2053 3604; x_wconf 84' lang='lat' dir='ltr'><strong>ds</strong></span> 
     </span>
     <span class='ocr_line' id='line_1_22' title="bbox 555 3626 2052 3716; baseline 0 -24"><span class='ocrx_word' id='word_1_195' title='bbox 555 3628 711 3706; x_wconf 83' lang='lat' dir='ltr'><strong>Romane,</strong></span> <span class='ocrx_word' id='word_1_196' title='bbox 736 3626 920 3692; x_wconf 86' lang='lat' dir='ltr'><strong>Willelmus</strong></span> <span class='ocrx_word' id='word_1_197' title='bbox 945 3628 1035 3709; x_wconf 70' lang='lat' dir='ltr'><strong>sicot,</strong></span> <span class='ocrx_word' id='word_1_198' title='bbox 1059 3633 1213 3716; x_wconf 75' lang='lat' dir='ltr'><strong>armiger,</strong></span> <span class='ocrx_word' id='word_1_199' title='bbox 1239 3632 1282 3696; x_wconf 86' lang='lat' dir='ltr'><strong>de</strong></span> <span class='ocrx_word' id='word_1_200' title='bbox 1305 3631 1503 3711; x_wconf 90' lang='lat' dir='ltr'><strong>Brabourne‚</strong></span> <span class='ocrx_word' id='word_1_201' title='bbox 1528 3635 1563 3697; x_wconf 94' lang='lat' dir='ltr'><strong>in</strong></span> <span class='ocrx_word' id='word_1_202' title='bbox 1578 3633 1738 3696; x_wconf 87' lang='lat' dir='ltr'><strong>comitatu</strong></span> <span class='ocrx_word' id='word_1_203' title='bbox 1752 3629 1878 3693; x_wconf 90' lang='lat' dir='ltr'><strong>Knncie</strong></span> <span class='ocrx_word' id='word_1_204' title='bbox 1895 3628 2052 3712; x_wconf 86' lang='lat' dir='ltr'><strong>predicto,</strong></span> 
     </span>
     <span class='ocr_line' id='line_1_23' title="bbox 554 3714 2053 3806; baseline 0 -28"><span class='ocrx_word' id='word_1_205' title='bbox 554 3714 693 3779; x_wconf 89' lang='lat' dir='ltr'><strong>Thomas</strong></span> <span class='ocrx_word' id='word_1_206' title='bbox 709 3714 897 3790; x_wconf 81' lang='lat' dir='ltr'><strong>Brolrcvvell,</strong></span> <span class='ocrx_word' id='word_1_207' title='bbox 910 3718 1064 3800; x_wconf 86' lang='lat' dir='ltr'><strong>armiger,</strong></span> <span class='ocrx_word' id='word_1_208' title='bbox 1078 3716 1119 3781; x_wconf 91' lang='lat' dir='ltr'><strong>de</strong></span> <span class='ocrx_word' id='word_1_209' title='bbox 1134 3717 1289 3802; x_wconf 84' lang='lat' dir='ltr'><strong>Sellynge</strong></span> <span class='ocrx_word' id='word_1_210' title='bbox 1310 3717 1360 3806; x_wconf 89' lang='lat' dir='ltr'><strong>[ct</strong></span> <span class='ocrx_word' id='word_1_211' title='bbox 1375 3721 1490 3784; x_wconf 88' lang='lat' dir='ltr'><strong>Petrus</strong></span> <span class='ocrx_word' id='word_1_212' title='bbox 1506 3716 1670 3805; x_wconf 85' lang='lat' dir='ltr'><strong>Knyght,]</strong></span> <span class='ocrx_word' id='word_1_213' title='bbox 1696 3737 1824 3801; x_wconf 88' lang='lat' dir='ltr'><strong>yoman‚</strong></span> <span class='ocrx_word' id='word_1_214' title='bbox 1840 3716 1880 3780; x_wconf 87' lang='lat' dir='ltr'><strong>de</strong></span> <span class='ocrx_word' id='word_1_215' title='bbox 1896 3715 2053 3799; x_wconf 83' lang='lat' dir='ltr'><strong>Sellinge,</strong></span> 
     </span>
     <span class='ocr_line' id='line_1_24' title="bbox 553 3801 2052 3888; baseline -0.001 -22"><span class='ocrx_word' id='word_1_216' title='bbox 553 3804 589 3866; x_wconf 87' lang='lat' dir='ltr'><strong>in</strong></span> <span class='ocrx_word' id='word_1_217' title='bbox 617 3801 765 3886; x_wconf 88' lang='lat' dir='ltr'><strong>predicto</strong></span> <span class='ocrx_word' id='word_1_218' title='bbox 793 3804 953 3866; x_wconf 90' lang='lat' dir='ltr'><strong>comitatu</strong></span> <span class='ocrx_word' id='word_1_219' title='bbox 982 3804 1115 3885; x_wconf 87' lang='lat' dir='ltr'><strong>Kancie,</strong></span> <span class='ocrx_word' id='word_1_220' title='bbox 1146 3806 1280 3869; x_wconf 85' lang='lat' dir='ltr'><strong>luerunt</strong></span> <span class='ocrx_word' id='word_1_221' title='bbox 1316 3810 1492 3888; x_wconf 85' lang='lat' dir='ltr'><strong>separatim</strong></span> <span class='ocrx_word' id='word_1_222' title='bbox 1530 3809 1635 3872; x_wconf 91' lang='lat' dir='ltr'><strong>seisiti</strong></span> <span class='ocrx_word' id='word_1_223' title='bbox 1672 3813 1735 3870; x_wconf 86' lang='lat' dir='ltr'><strong>etc.</strong></span> <span class='ocrx_word' id='word_1_224' title='bbox 1773 3806 1810 3867; x_wconf 92' lang='lat' dir='ltr'><strong>iu</strong></span> <span class='ocrx_word' id='word_1_225' title='bbox 1838 3805 1983 3867; x_wconf 85' lang='lat' dir='ltr'><strong>manerio</strong></span> <span class='ocrx_word' id='word_1_226' title='bbox 2012 3803 2052 3865; x_wconf 87' lang='lat' dir='ltr'><strong>ds</strong></span> 
     </span>
     <span class='ocr_line' id='line_1_25' title="bbox 554 3887 2052 3982; baseline -0.004 -23"><span class='ocrx_word' id='word_1_227' title='bbox 554 3891 782 3971; x_wconf 75' lang='lat' dir='ltr'><strong>wrnurraor,</strong></span> <span class='ocrx_word' id='word_1_228' title='bbox 797 3911 872 3954; x_wconf 89' lang='lat' dir='ltr'><strong>cum</strong></span> <span class='ocrx_word' id='word_1_229' title='bbox 886 3891 1106 3974; x_wconf 88' lang='lat' dir='ltr'><strong>pertinenciis,</strong></span> <span class='ocrx_word' id='word_1_230' title='bbox 1120 3893 1153 3955; x_wconf 90' lang='lat' dir='ltr'><strong>in</strong></span> <span class='ocrx_word' id='word_1_231' title='bbox 1169 3892 1324 3976; x_wconf 85' lang='lat' dir='ltr'><strong>parochia</strong></span> <span class='ocrx_word' id='word_1_232' title='bbox 1337 3895 1379 3959; x_wconf 89' lang='lat' dir='ltr'><strong>de</strong></span> <span class='ocrx_word' id='word_1_233' title='bbox 1394 3895 1545 3982; x_wconf 81' lang='lat' dir='ltr'><strong>Sellyngs</strong></span> <span class='ocrx_word' id='word_1_234' title='bbox 1560 3895 1759 3979; x_wconf 76' lang='lat' dir='ltr'><strong>supradicte,</strong></span> <span class='ocrx_word' id='word_1_235' title='bbox 1774 3899 1808 3956; x_wconf 88' lang='lat' dir='ltr'><strong>et</strong></span> <span class='ocrx_word' id='word_1_236' title='bbox 1827 3891 1864 3954; x_wconf 90' lang='lat' dir='ltr'><strong>in</strong></span> <span class='ocrx_word' id='word_1_237' title='bbox 1886 3887 2052 3968; x_wconf 81' lang='lat' dir='ltr'><strong>hundredo</strong></span> 
     </span>
     <span class='ocr_line' id='line_1_26' title="bbox 553 3976 2052 4066; baseline -0.001 -24"><span class='ocrx_word' id='word_1_238' title='bbox 553 3980 748 4061; x_wconf 88' lang='lat' dir='ltr'><strong>supradicto,</strong></span> <span class='ocrx_word' id='word_1_239' title='bbox 773 3979 860 4061; x_wconf 91' lang='lat' dir='ltr'><strong>qnod</strong></span> <span class='ocrx_word' id='word_1_240' title='bbox 885 3983 1014 4042; x_wconf 84' lang='lat' dir='ltr'><strong>tenetur</strong></span> <span class='ocrx_word' id='word_1_241' title='bbox 1038 3999 1096 4061; x_wconf 91' lang='lat' dir='ltr'><strong>per</strong></span> <span class='ocrx_word' id='word_1_242' title='bbox 1122 3982 1297 4044; x_wconf 89' lang='lat' dir='ltr'><strong>servicium</strong></span> <span class='ocrx_word' id='word_1_243' title='bbox 1314 3981 1342 4066; x_wconf 93' lang='lat' dir='ltr'><strong>j.</strong></span> <span class='ocrx_word' id='word_1_244' title='bbox 1358 3984 1481 4066; x_wconf 87' lang='lat' dir='ltr'><strong>integri</strong></span> <span class='ocrx_word' id='word_1_245' title='bbox 1498 3983 1521 4049; x_wconf 89' lang='lat' dir='ltr'><strong>i.</strong></span> <span class='ocrx_word' id='word_1_246' title='bbox 1539 4005 1583 4047; x_wconf 91' lang='lat' dir='ltr'><strong>m.</strong></span> <span class='ocrx_word' id='word_1_247' title='bbox 1600 3981 1687 4045; x_wconf 87' lang='lat' dir='ltr'><strong>unde</strong></span> <span class='ocrx_word' id='word_1_248' title='bbox 1712 3978 1888 4063; x_wconf 74' lang='lat' dir='ltr'><strong>supradicti</strong></span> <span class='ocrx_word' id='word_1_249' title='bbox 1912 3976 2052 4042; x_wconf 81' lang='lat' dir='ltr'><strong>Thomas</strong></span> 
     </span>
     <span class='ocr_line' id='line_1_27' title="bbox 555 4063 2053 4154; baseline -0.001 -26"><span class='ocrx_word' id='word_1_250' title='bbox 555 4065 716 4151; x_wconf 79' lang='lat' dir='ltr'><strong>Sronlynk</strong></span> <span class='ocrx_word' id='word_1_251' title='bbox 742 4071 776 4128; x_wconf 88' lang='lat' dir='ltr'><strong>et</strong></span> <span class='ocrx_word' id='word_1_252' title='bbox 800 4066 985 4150; x_wconf 88' lang='lat' dir='ltr'><strong>Margareta</strong></span> <span class='ocrx_word' id='word_1_253' title='bbox 1014 4065 1197 4150; x_wconf 84' lang='lat' dir='ltr'><strong>Clyderovve</strong></span> <span class='ocrx_word' id='word_1_254' title='bbox 1227 4074 1340 4134; x_wconf 85' lang='lat' dir='ltr'><strong>tenent</strong></span> <span class='ocrx_word' id='word_1_255' title='bbox 1371 4072 1543 4154; x_wconf 87' lang='lat' dir='ltr'><strong>separatim</strong></span> <span class='ocrx_word' id='word_1_256' title='bbox 1572 4071 1653 4135; x_wconf 88' lang='lat' dir='ltr'><strong>duas</strong></span> <span class='ocrx_word' id='word_1_257' title='bbox 1684 4075 1794 4152; x_wconf 86' lang='lat' dir='ltr'><strong>partes</strong></span> <span class='ocrx_word' id='word_1_258' title='bbox 1822 4066 1912 4129; x_wconf 89' lang='lat' dir='ltr'><strong>iilius</strong></span> <span class='ocrx_word' id='word_1_259' title='bbox 1939 4065 1962 4130; x_wconf 86' lang='lat' dir='ltr'><strong>f.</strong></span> <span class='ocrx_word' id='word_1_260' title='bbox 2008 4063 2053 4126; x_wconf 84' lang='lat' dir='ltr'><strong>Et</strong></span> 
     </span>
     <span class='ocr_line' id='line_1_28' title="bbox 553 4150 2051 4240; baseline -0.001 -24"><span class='ocrx_word' id='word_1_261' title='bbox 553 4153 734 4236; x_wconf 72' lang='lat' dir='ltr'><strong>supradicti</strong></span> <span class='ocrx_word' id='word_1_262' title='bbox 746 4153 911 4217; x_wconf 85' lang='lat' dir='ltr'><strong>Johannes</strong></span> <span class='ocrx_word' id='word_1_263' title='bbox 926 4151 1075 4236; x_wconf 82' lang='lat' dir='ltr'><strong>Oolvyle‚</strong></span> <span class='ocrx_word' id='word_1_264' title='bbox 1087 4151 1255 4220; x_wconf 85' lang='lat' dir='ltr'><strong>Johannes</strong></span> <span class='ocrx_word' id='word_1_265' title='bbox 1271 4155 1403 4240; x_wconf 84' lang='lat' dir='ltr'><strong>Spysur,</strong></span> <span class='ocrx_word' id='word_1_266' title='bbox 1422 4157 1603 4222; x_wconf 90' lang='lat' dir='ltr'><strong>Willelmus</strong></span> <span class='ocrx_word' id='word_1_267' title='bbox 1619 4157 1711 4233; x_wconf 83' lang='lat' dir='ltr'><strong>Skot,</strong></span> <span class='ocrx_word' id='word_1_268' title='bbox 1726 4153 1867 4218; x_wconf 88' lang='lat' dir='ltr'><strong>Thomas</strong></span> <span class='ocrx_word' id='word_1_269' title='bbox 1882 4150 2051 4232; x_wconf 83' lang='lat' dir='ltr'><strong>Brokvell,</strong></span> 
     </span>
     <span class='ocr_line' id='line_1_29' title="bbox 553 4237 2052 4328; baseline -0.001 -26"><span class='ocrx_word' id='word_1_270' title='bbox 553 4245 588 4302; x_wconf 90' lang='lat' dir='ltr'><strong>et</strong></span> <span class='ocrx_word' id='word_1_271' title='bbox 617 4239 735 4304; x_wconf 89' lang='lat' dir='ltr'><strong>Petrus</strong></span> <span class='ocrx_word' id='word_1_272' title='bbox 757 4237 897 4325; x_wconf 85' lang='lat' dir='ltr'><strong>Knyght</strong></span> <span class='ocrx_word' id='word_1_273' title='bbox 926 4246 1040 4303; x_wconf 83' lang='lat' dir='ltr'><strong>tenant</strong></span> <span class='ocrx_word' id='word_1_274' title='bbox 1066 4243 1200 4306; x_wconf 87' lang='lat' dir='ltr'><strong>terciam</strong></span> <span class='ocrx_word' id='word_1_275' title='bbox 1225 4251 1352 4327; x_wconf 85' lang='lat' dir='ltr'><strong>partem</strong></span> <span class='ocrx_word' id='word_1_276' title='bbox 1381 4245 1472 4308; x_wconf 91' lang='lat' dir='ltr'><strong>illius</strong></span> <span class='ocrx_word' id='word_1_277' title='bbox 1496 4246 1521 4314; x_wconf 87' lang='lat' dir='ltr'><strong>f.</strong></span> <span class='ocrx_word' id='word_1_278' title='bbox 1548 4246 1733 4328; x_wconf 85' lang='lat' dir='ltr'><strong>separatim,</strong></span> <span class='ocrx_word' id='word_1_279' title='bbox 1760 4244 1809 4306; x_wconf 89' lang='lat' dir='ltr'><strong>ita</strong></span> <span class='ocrx_word' id='word_1_280' title='bbox 1830 4240 1916 4326; x_wconf 89' lang='lat' dir='ltr'><strong>quod</strong></span> <span class='ocrx_word' id='word_1_281' title='bbox 1942 4240 2052 4306; x_wconf 88' lang='lat' dir='ltr'><strong>nullus</strong></span> 
     </span>
     <span class='ocr_line' id='line_1_30' title="bbox 550 4326 1662 4417; baseline 0.006 -27"><span class='ocrx_word' id='word_1_282' title='bbox 550 4328 724 4392; x_wconf 88' lang='lat' dir='ltr'><strong>eorundem</strong></span> <span class='ocrx_word' id='word_1_283' title='bbox 738 4332 833 4390; x_wconf 89' lang='lat' dir='ltr'><strong>tenet</strong></span> <span class='ocrx_word' id='word_1_284' title='bbox 848 4347 951 4410; x_wconf 91' lang='lat' dir='ltr'><strong>usqne</strong></span> <span class='ocrx_word' id='word_1_285' title='bbox 966 4327 1007 4390; x_wconf 87' lang='lat' dir='ltr'><strong>ad</strong></span> <span class='ocrx_word' id='word_1_286' title='bbox 1023 4326 1183 4393; x_wconf 88' lang='lat' dir='ltr'><strong>decimam</strong></span> <span class='ocrx_word' id='word_1_287' title='bbox 1199 4337 1326 4414; x_wconf 83' lang='lat' dir='ltr'><strong>partem</strong></span> <span class='ocrx_word' id='word_1_288' title='bbox 1341 4333 1432 4396; x_wconf 92' lang='lat' dir='ltr'><strong>illius</strong></span> <span class='ocrx_word' id='word_1_289' title='bbox 1447 4333 1624 4417; x_wconf 83' lang='lat' dir='ltr'><strong>supradicti</strong></span> <span class='ocrx_word' id='word_1_290' title='bbox 1639 4333 1662 4397; x_wconf 89' lang='lat' dir='ltr'><strong>f.</strong></span> 
     </span>
    </p>
   </div>
   <div class='ocr_carea' id='block_1_8' title="bbox 552 4461 2053 5254">
    <p class='ocr_par' dir='ltr' id='par_1_8' title="bbox 552 4461 2053 5254">
     <span class='ocr_line' id='line_1_31' title="bbox 596 4461 2051 4553; baseline 0.001 -27"><span class='ocrx_word' id='word_1_291' title='bbox 596 4465 756 4529; x_wconf 86' lang='lat' dir='ltr'><strong>Dominus</strong></span> <span class='ocrx_word' id='word_1_292' title='bbox 780 4462 926 4548; x_wconf 83' lang='lat' dir='ltr'><strong>Typtoit,</strong></span> <span class='ocrx_word' id='word_1_293' title='bbox 952 4465 992 4527; x_wconf 88' lang='lat' dir='ltr'><strong>de</strong></span> <span class='ocrx_word' id='word_1_294' title='bbox 1015 4467 1135 4529; x_wconf 87' lang='lat' dir='ltr'><strong>comite</strong></span> <span class='ocrx_word' id='word_1_295' title='bbox 1158 4466 1311 4546; x_wconf 90' lang='lat' dir='ltr'><strong>Devonie,</strong></span> <span class='ocrx_word' id='word_1_296' title='bbox 1332 4468 1501 4534; x_wconf 84' lang='lat' dir='ltr'><strong>Johannes</strong></span> <span class='ocrx_word' id='word_1_297' title='bbox 1517 4469 1686 4553; x_wconf 84' lang='lat' dir='ltr'><strong>Benevyle‚</strong></span> <span class='ocrx_word' id='word_1_298' title='bbox 1700 4466 1840 4530; x_wconf 79' lang='lat' dir='ltr'><strong>Thomas</strong></span> <span class='ocrx_word' id='word_1_299' title='bbox 1856 4461 1995 4549; x_wconf 84' lang='lat' dir='ltr'><strong>Kyriell,</strong></span> <span class='ocrx_word' id='word_1_300' title='bbox 2009 4463 2051 4527; x_wconf 84' lang='lat' dir='ltr'><strong>ds</strong></span> 
     </span>
     <span class='ocr_line' id='line_1_32' title="bbox 553 4551 2053 4644; baseline 0 -30"><span class='ocrx_word' id='word_1_301' title='bbox 553 4552 794 4637; x_wconf 86' lang='lat' dir='ltr'><strong>Estinghangre</strong></span> <span class='ocrx_word' id='word_1_302' title='bbox 810 4551 1005 4635; x_wconf 88' lang='lat' dir='ltr'><strong>supradicta,</strong></span> <span class='ocrx_word' id='word_1_303' title='bbox 1019 4553 1154 4631; x_wconf 88' lang='lat' dir='ltr'><strong>milites,</strong></span> <span class='ocrx_word' id='word_1_304' title='bbox 1168 4553 1309 4620; x_wconf 85' lang='lat' dir='ltr'><strong>Thomas</strong></span> <span class='ocrx_word' id='word_1_305' title='bbox 1324 4556 1506 4636; x_wconf 85' lang='lat' dir='ltr'><strong>Groiherst‚</strong></span> <span class='ocrx_word' id='word_1_306' title='bbox 1524 4557 1720 4644; x_wconf 86' lang='lat' dir='ltr'><strong>gentilman,</strong></span> <span class='ocrx_word' id='word_1_307' title='bbox 1741 4554 1782 4618; x_wconf 87' lang='lat' dir='ltr'><strong>de</strong></span> <span class='ocrx_word' id='word_1_308' title='bbox 1806 4552 1995 4634; x_wconf 83' lang='lat' dir='ltr'><strong>Middilton,</strong></span> <span class='ocrx_word' id='word_1_309' title='bbox 2019 4555 2053 4615; x_wconf 86' lang='lat' dir='ltr'><strong>et</strong></span> 
     </span>
     <span class='ocr_line' id='line_1_33' title="bbox 554 4637 2050 4728; baseline -0.001 -25"><span class='ocrx_word' id='word_1_310' title='bbox 554 4641 641 4723; x_wconf 91' lang='lat' dir='ltr'><strong>prior</strong></span> <span class='ocrx_word' id='word_1_311' title='bbox 664 4639 706 4702; x_wconf 91' lang='lat' dir='ltr'><strong>de</strong></span> <span class='ocrx_word' id='word_1_312' title='bbox 729 4639 867 4717; x_wconf 79' lang='lat' dir='ltr'><strong>Horten,</strong></span> <span class='ocrx_word' id='word_1_313' title='bbox 891 4640 928 4701; x_wconf 93' lang='lat' dir='ltr'><strong>in</strong></span> <span class='ocrx_word' id='word_1_314' title='bbox 942 4641 1103 4703; x_wconf 89' lang='lat' dir='ltr'><strong>comitatu</strong></span> <span class='ocrx_word' id='word_1_315' title='bbox 1118 4641 1254 4722; x_wconf 88' lang='lat' dir='ltr'><strong>Kancie‚</strong></span> <span class='ocrx_word' id='word_1_316' title='bbox 1269 4644 1401 4708; x_wconf 86' lang='lat' dir='ltr'><strong>fuerunt</strong></span> <span class='ocrx_word' id='word_1_317' title='bbox 1416 4647 1587 4728; x_wconf 87' lang='lat' dir='ltr'><strong>separatim</strong></span> <span class='ocrx_word' id='word_1_318' title='bbox 1603 4643 1707 4708; x_wconf 87' lang='lat' dir='ltr'><strong>scisiti</strong></span> <span class='ocrx_word' id='word_1_319' title='bbox 1723 4648 1784 4706; x_wconf 89' lang='lat' dir='ltr'><strong>etc.</strong></span> <span class='ocrx_word' id='word_1_320' title='bbox 1801 4641 1836 4703; x_wconf 94' lang='lat' dir='ltr'><strong>in</strong></span> <span class='ocrx_word' id='word_1_321' title='bbox 1851 4641 1995 4704; x_wconf 85' lang='lat' dir='ltr'><strong>manerio</strong></span> <span class='ocrx_word' id='word_1_322' title='bbox 2010 4637 2050 4702; x_wconf 88' lang='lat' dir='ltr'><strong>ds</strong></span> 
     </span>
     <span class='ocr_line' id='line_1_34' title="bbox 557 4726 2052 4816; baseline -0.005 -21"><span class='ocrx_word' id='word_1_323' title='bbox 557 4728 723 4806; x_wconf 74' lang='lat' dir='ltr'><strong>Sannaus,</strong></span> <span class='ocrx_word' id='word_1_324' title='bbox 737 4726 823 4789; x_wconf 85' lang='lat' dir='ltr'><strong>infra</strong></span> <span class='ocrx_word' id='word_1_325' title='bbox 838 4727 1023 4810; x_wconf 88' lang='lat' dir='ltr'><strong>parochiam</strong></span> <span class='ocrx_word' id='word_1_326' title='bbox 1037 4729 1078 4791; x_wconf 89' lang='lat' dir='ltr'><strong>de</strong></span> <span class='ocrx_word' id='word_1_327' title='bbox 1093 4727 1239 4814; x_wconf 80' lang='lat' dir='ltr'><strong>Sellyng,</strong></span> <span class='ocrx_word' id='word_1_328' title='bbox 1253 4731 1288 4793; x_wconf 91' lang='lat' dir='ltr'><strong>in</strong></span> <span class='ocrx_word' id='word_1_329' title='bbox 1314 4730 1482 4796; x_wconf 88' lang='lat' dir='ltr'><strong>hundredo</strong></span> <span class='ocrx_word' id='word_1_330' title='bbox 1509 4731 1704 4816; x_wconf 87' lang='lat' dir='ltr'><strong>supradicto,</strong></span> <span class='ocrx_word' id='word_1_331' title='bbox 1730 4727 1816 4814; x_wconf 89' lang='lat' dir='ltr'><strong>quod</strong></span> <span class='ocrx_word' id='word_1_332' title='bbox 1841 4732 1970 4792; x_wconf 86' lang='lat' dir='ltr'><strong>tenatur</strong></span> <span class='ocrx_word' id='word_1_333' title='bbox 1995 4746 2052 4810; x_wconf 89' lang='lat' dir='ltr'><strong>per</strong></span> 
     </span>
     <span class='ocr_line' id='line_1_35' title="bbox 556 4813 2050 4904; baseline -0.001 -25"><span class='ocrx_word' id='word_1_334' title='bbox 556 4815 728 4879; x_wconf 83' lang='lat' dir='ltr'><strong>servicium</strong></span> <span class='ocrx_word' id='word_1_335' title='bbox 741 4834 799 4878; x_wconf 92' lang='lat' dir='ltr'><strong>un.</strong></span> <span class='ocrx_word' id='word_1_336' title='bbox 816 4814 839 4878; x_wconf 88' lang='lat' dir='ltr'><strong>f.</strong></span> <span class='ocrx_word' id='word_1_337' title='bbox 855 4834 900 4879; x_wconf 92' lang='lat' dir='ltr'><strong>m.</strong></span> <span class='ocrx_word' id='word_1_338' title='bbox 917 4821 1052 4900; x_wconf 84' lang='lat' dir='ltr'><strong>excepta</strong></span> <span class='ocrx_word' id='word_1_339' title='bbox 1065 4817 1134 4900; x_wconf 80' lang='lat' dir='ltr'><strong>xvj·</strong></span> <span class='ocrx_word' id='word_1_340' title='bbox 1152 4825 1243 4898; x_wconf 89' lang='lat' dir='ltr'><strong>parte</strong></span> <span class='ocrx_word' id='word_1_341' title='bbox 1258 4818 1348 4883; x_wconf 90' lang='lat' dir='ltr'><strong>illins</strong></span> <span class='ocrx_word' id='word_1_342' title='bbox 1371 4819 1394 4886; x_wconf 91' lang='lat' dir='ltr'><strong>i.</strong></span> <span class='ocrx_word' id='word_1_343' title='bbox 1421 4841 1484 4904; x_wconf 88' lang='lat' dir='ltr'><strong>que</strong></span> <span class='ocrx_word' id='word_1_344' title='bbox 1510 4827 1559 4884; x_wconf 88' lang='lat' dir='ltr'><strong>est</strong></span> <span class='ocrx_word' id='word_1_345' title='bbox 1583 4821 1617 4884; x_wconf 93' lang='lat' dir='ltr'><strong>in</strong></span> <span class='ocrx_word' id='word_1_346' title='bbox 1644 4817 1811 4882; x_wconf 90' lang='lat' dir='ltr'><strong>hundredo</strong></span> <span class='ocrx_word' id='word_1_347' title='bbox 1838 4815 1879 4880; x_wconf 88' lang='lat' dir='ltr'><strong>de</strong></span> <span class='ocrx_word' id='word_1_348' title='bbox 1906 4813 2050 4894; x_wconf 84' lang='lat' dir='ltr'><strong>Warthe,</strong></span> 
     </span>
     <span class='ocr_line' id='line_1_36' title="bbox 561 4899 2052 4990; baseline -0.001 -25"><span class='ocrx_word' id='word_1_349' title='bbox 561 4901 663 4990; x_wconf 89' lang='lat' dir='ltr'><strong>[unde</strong></span> <span class='ocrx_word' id='word_1_350' title='bbox 687 4899 905 4988; x_wconf 88' lang='lat' dir='ltr'><strong>supradictus]</strong></span> <span class='ocrx_word' id='word_1_351' title='bbox 938 4900 1103 4966; x_wconf 89' lang='lat' dir='ltr'><strong>Johannes</strong></span> <span class='ocrx_word' id='word_1_352' title='bbox 1125 4902 1298 4988; x_wconf 86' lang='lat' dir='ltr'><strong>Benevyle,</strong></span> <span class='ocrx_word' id='word_1_353' title='bbox 1322 4907 1427 4987; x_wconf 89' lang='lat' dir='ltr'><strong>miles,</strong></span> <span class='ocrx_word' id='word_1_354' title='bbox 1451 4913 1546 4971; x_wconf 91' lang='lat' dir='ltr'><strong>tenet</strong></span> <span class='ocrx_word' id='word_1_355' title='bbox 1572 4928 1629 4971; x_wconf 91' lang='lat' dir='ltr'><strong>nn.</strong></span> <span class='ocrx_word' id='word_1_356' title='bbox 1651 4911 1756 4988; x_wconf 86' lang='lat' dir='ltr'><strong>quart.</strong></span> <span class='ocrx_word' id='word_1_357' title='bbox 1783 4911 1818 4968; x_wconf 91' lang='lat' dir='ltr'><strong>et</strong></span> <span class='ocrx_word' id='word_1_358' title='bbox 1848 4902 2052 4986; x_wconf 87' lang='lat' dir='ltr'><strong>supradictus</strong></span> 
     </span>
     <span class='ocr_line' id='line_1_37' title="bbox 552 4988 2053 5078; baseline 0 -26"><span class='ocrx_word' id='word_1_359' title='bbox 552 4989 692 5053; x_wconf 81' lang='lat' dir='ltr'><strong>Thomas</strong></span> <span class='ocrx_word' id='word_1_360' title='bbox 707 4988 850 5073; x_wconf 86' lang='lat' dir='ltr'><strong>Keryell,</strong></span> <span class='ocrx_word' id='word_1_361' title='bbox 865 4988 970 5068; x_wconf 87' lang='lat' dir='ltr'><strong>miles,</strong></span> <span class='ocrx_word' id='word_1_362' title='bbox 979 4996 1072 5054; x_wconf 88' lang='lat' dir='ltr'><strong>tenet</strong></span> <span class='ocrx_word' id='word_1_363' title='bbox 1085 4989 1223 5054; x_wconf 91' lang='lat' dir='ltr'><strong>alterum</strong></span> <span class='ocrx_word' id='word_1_364' title='bbox 1237 4999 1343 5075; x_wconf 85' lang='lat' dir='ltr'><strong>quart.</strong></span> <span class='ocrx_word' id='word_1_365' title='bbox 1354 5000 1388 5057; x_wconf 91' lang='lat' dir='ltr'><strong>et</strong></span> <span class='ocrx_word' id='word_1_366' title='bbox 1404 4995 1605 5078; x_wconf 90' lang='lat' dir='ltr'><strong>supradictus</strong></span> <span class='ocrx_word' id='word_1_367' title='bbox 1620 4991 1759 5056; x_wconf 80' lang='lat' dir='ltr'><strong>Thomas</strong></span> <span class='ocrx_word' id='word_1_368' title='bbox 1773 4989 1946 5055; x_wconf 85' lang='lat' dir='ltr'><strong>Groiherst</strong></span> <span class='ocrx_word' id='word_1_369' title='bbox 1960 4994 2053 5052; x_wconf 88' lang='lat' dir='ltr'><strong>tenet</strong></span> 
     </span>
     <span class='ocr_line' id='line_1_38' title="bbox 553 5076 2051 5166; baseline -0.002 -25"><span class='ocrx_word' id='word_1_370' title='bbox 553 5078 632 5141; x_wconf 87' lang='lat' dir='ltr'><strong>duas</strong></span> <span class='ocrx_word' id='word_1_371' title='bbox 646 5083 756 5160; x_wconf 86' lang='lat' dir='ltr'><strong>partes</strong></span> <span class='ocrx_word' id='word_1_372' title='bbox 770 5077 903 5140; x_wconf 86' lang='lat' dir='ltr'><strong>alterius</strong></span> <span class='ocrx_word' id='word_1_373' title='bbox 917 5076 963 5142; x_wconf 89' lang='lat' dir='ltr'><strong>di.</strong></span> <span class='ocrx_word' id='word_1_374' title='bbox 981 5077 1004 5144; x_wconf 81' lang='lat' dir='ltr'><strong>f.</strong></span> <span class='ocrx_word' id='word_1_375' title='bbox 1018 5085 1155 5161; x_wconf 86' lang='lat' dir='ltr'><strong>excepta</strong></span> <span class='ocrx_word' id='word_1_376' title='bbox 1170 5080 1239 5163; x_wconf 80' lang='lat' dir='ltr'><strong>xvj·</strong></span> <span class='ocrx_word' id='word_1_377' title='bbox 1257 5087 1361 5163; x_wconf 88' lang='lat' dir='ltr'><strong>parte,</strong></span> <span class='ocrx_word' id='word_1_378' title='bbox 1375 5103 1440 5166; x_wconf 90' lang='lat' dir='ltr'><strong>que</strong></span> <span class='ocrx_word' id='word_1_379' title='bbox 1457 5084 1546 5165; x_wconf 90' lang='lat' dir='ltr'><strong>prius</strong></span> <span class='ocrx_word' id='word_1_380' title='bbox 1561 5083 1721 5164; x_wconf 87' lang='lat' dir='ltr'><strong>excipitur</strong></span> <span class='ocrx_word' id='word_1_381' title='bbox 1735 5079 1820 5141; x_wconf 85' lang='lat' dir='ltr'><strong>inira</strong></span> <span class='ocrx_word' id='word_1_382' title='bbox 1846 5076 2051 5140; x_wconf 89' lang='lat' dir='ltr'><strong>hundredum</strong></span> 
     </span>
     <span class='ocr_line' id='line_1_39' title="bbox 554 5162 1957 5254; baseline -0.001 -25"><span class='ocrx_word' id='word_1_383' title='bbox 554 5166 594 5229; x_wconf 90' lang='lat' dir='ltr'><strong>de</strong></span> <span class='ocrx_word' id='word_1_384' title='bbox 610 5162 752 5243; x_wconf 86' lang='lat' dir='ltr'><strong>Worthe,</strong></span> <span class='ocrx_word' id='word_1_385' title='bbox 766 5172 801 5227; x_wconf 90' lang='lat' dir='ltr'><strong>ct</strong></span> <span class='ocrx_word' id='word_1_386' title='bbox 815 5165 950 5228; x_wconf 86' lang='lat' dir='ltr'><strong>terciam</strong></span> <span class='ocrx_word' id='word_1_387' title='bbox 965 5170 1093 5247; x_wconf 86' lang='lat' dir='ltr'><strong>partem</strong></span> <span class='ocrx_word' id='word_1_388' title='bbox 1108 5166 1198 5230; x_wconf 89' lang='lat' dir='ltr'><strong>illins</strong></span> <span class='ocrx_word' id='word_1_389' title='bbox 1213 5168 1258 5232; x_wconf 93' lang='lat' dir='ltr'><strong>di.</strong></span> <span class='ocrx_word' id='word_1_390' title='bbox 1276 5169 1299 5232; x_wconf 87' lang='lat' dir='ltr'><strong>f.</strong></span> <span class='ocrx_word' id='word_1_391' title='bbox 1316 5169 1468 5233; x_wconf 92' lang='lat' dir='ltr'><strong>dominus</strong></span> <span class='ocrx_word' id='word_1_392' title='bbox 1484 5169 1618 5254; x_wconf 86' lang='lat' dir='ltr'><strong>Typtoit</strong></span> <span class='ocrx_word' id='word_1_393' title='bbox 1636 5168 1841 5251; x_wconf 87' lang='lat' dir='ltr'><strong>supradictus</strong></span> <span class='ocrx_word' id='word_1_394' title='bbox 1856 5169 1957 5228; x_wconf 90' lang='lat' dir='ltr'><strong>tenet.</strong></span> 
     </span>
    </p>
   </div>
   <div class='ocr_carea' id='block_1_9' title="bbox 553 5299 2053 5999">
    <p class='ocr_par' dir='ltr' id='par_1_9' title="bbox 553 5299 2053 5999">
     <span class='ocr_line' id='line_1_40' title="bbox 599 5299 2051 5390; baseline 0.001 -25"><span class='ocrx_word' id='word_1_395' title='bbox 599 5301 691 5365; x_wconf 91' lang='lat' dir='ltr'><strong>Prior</strong></span> <span class='ocrx_word' id='word_1_396' title='bbox 705 5299 818 5364; x_wconf 83' lang='lat' dir='ltr'><strong>Sancti</strong></span> <span class='ocrx_word' id='word_1_397' title='bbox 832 5301 853 5364; x_wconf 89' lang='lat' dir='ltr'>J</span> <span class='ocrx_word' id='word_1_398' title='bbox 856 5299 993 5364; x_wconf 88' lang='lat' dir='ltr'><strong>ohannis</strong></span> <span class='ocrx_word' id='word_1_399' title='bbox 1006 5301 1184 5366; x_wconf 89' lang='lat' dir='ltr'><strong>Jerusalem</strong></span> <span class='ocrx_word' id='word_1_400' title='bbox 1199 5305 1235 5366; x_wconf 93' lang='lat' dir='ltr'><strong>in</strong></span> <span class='ocrx_word' id='word_1_401' title='bbox 1250 5305 1382 5390; x_wconf 84' lang='lat' dir='ltr'><strong>Anglia,</strong></span> <span class='ocrx_word' id='word_1_402' title='bbox 1397 5305 1418 5368; x_wconf 89' lang='lat' dir='ltr'>J</span> <span class='ocrx_word' id='word_1_403' title='bbox 1419 5307 1559 5370; x_wconf 90' lang='lat' dir='ltr'><strong>ohannes</strong></span> <span class='ocrx_word' id='word_1_404' title='bbox 1599 5345 2051 5370; x_wconf 89' lang='grc'><strong>.........</strong></span> 
     </span>
     <span class='ocr_line' id='line_1_41' title="bbox 553 5386 2053 5478; baseline -0.001 -25"><span class='ocrx_word' id='word_1_405' title='bbox 553 5390 746 5475; x_wconf 86' lang='lat' dir='ltr'><strong>gentilman,</strong></span> <span class='ocrx_word' id='word_1_406' title='bbox 763 5389 804 5451; x_wconf 87' lang='lat' dir='ltr'><strong>da</strong></span> <span class='ocrx_word' id='word_1_407' title='bbox 819 5386 1003 5467; x_wconf 74' lang='lat' dir='ltr'><strong>cantuaria,</strong></span> <span class='ocrx_word' id='word_1_408' title='bbox 1018 5387 1201 5453; x_wconf 79' lang='lat' dir='ltr'><strong>willelmus</strong></span> <span class='ocrx_word' id='word_1_409' title='bbox 1216 5391 1338 5474; x_wconf 88' lang='lat' dir='ltr'><strong>Kynet,</strong></span> <span class='ocrx_word' id='word_1_410' title='bbox 1356 5395 1396 5457; x_wconf 91' lang='lat' dir='ltr'><strong>de</strong></span> <span class='ocrx_word' id='word_1_411' title='bbox 1413 5393 1622 5478; x_wconf 86' lang='lat' dir='ltr'><strong>Bonnington</strong></span> <span class='ocrx_word' id='word_1_412' title='bbox 1646 5392 1842 5475; x_wconf 88' lang='lat' dir='ltr'><strong>supradicta,</strong></span> <span class='ocrx_word' id='word_1_413' title='bbox 1865 5407 1995 5473; x_wconf 84' lang='lat' dir='ltr'><strong>yoman,</strong></span> <span class='ocrx_word' id='word_1_414' title='bbox 2018 5391 2053 5451; x_wconf 84' lang='lat' dir='ltr'><strong>et</strong></span> 
     </span>
     <span class='ocr_line' id='line_1_42' title="bbox 554 5472 2051 5564; baseline -0.003 -24"><span class='ocrx_word' id='word_1_415' title='bbox 554 5477 695 5541; x_wconf 87' lang='lat' dir='ltr'><strong>Thomas</strong></span> <span class='ocrx_word' id='word_1_416' title='bbox 724 5476 751 5538; x_wconf 93' lang='lat' dir='ltr'><strong>B</strong></span> <span class='ocrx_word' id='word_1_417' title='bbox 775 5472 973 5560; x_wconf 84' lang='lat' dir='ltr'><strong>ryk]ynden‚</strong></span> <span class='ocrx_word' id='word_1_418' title='bbox 996 5495 1126 5558; x_wconf 83' lang='lat' dir='ltr'><strong>ycman,</strong></span> <span class='ocrx_word' id='word_1_419' title='bbox 1141 5513 1144 5518; x_wconf 96' lang='lat'>-</span> <span class='ocrx_word' id='word_1_420' title='bbox 1158 5477 1198 5540; x_wconf 93' lang='lat' dir='ltr'><strong>de</strong></span> <span class='ocrx_word' id='word_1_421' title='bbox 1225 5479 1403 5564; x_wconf 84' lang='lat' dir='ltr'><strong>Appnldre,</strong></span> <span class='ocrx_word' id='word_1_422' title='bbox 1430 5483 1560 5544; x_wconf 83' lang='lat' dir='ltr'><strong>luerunt</strong></span> <span class='ocrx_word' id='word_1_423' title='bbox 1590 5481 1764 5564; x_wconf 86' lang='lat' dir='ltr'><strong>separatim</strong></span> <span class='ocrx_word' id='word_1_424' title='bbox 1794 5477 1898 5540; x_wconf 88' lang='lat' dir='ltr'><strong>scisiti</strong></span> <span class='ocrx_word' id='word_1_425' title='bbox 1924 5480 1987 5540; x_wconf 86' lang='lat' dir='ltr'><strong>etc.</strong></span> <span class='ocrx_word' id='word_1_426' title='bbox 2015 5475 2051 5536; x_wconf 92' lang='lat' dir='ltr'><strong>in</strong></span> 
     </span>
     <span class='ocr_line' id='line_1_43' title="bbox 554 5559 2052 5650; baseline -0.003 -22"><span class='ocrx_word' id='word_1_427' title='bbox 554 5565 696 5628; x_wconf 89' lang='lat' dir='ltr'><strong>manerio</strong></span> <span class='ocrx_word' id='word_1_428' title='bbox 710 5564 751 5627; x_wconf 93' lang='lat' dir='ltr'><strong>de</strong></span> <span class='ocrx_word' id='word_1_429' title='bbox 788 5559 1022 5648; x_wconf 77' lang='lat' dir='ltr'><strong>Bonnrnarou]</strong></span> <span class='ocrx_word' id='word_1_430' title='bbox 1038 5583 1111 5624; x_wconf 91' lang='lat' dir='ltr'><strong>cum</strong></span> <span class='ocrx_word' id='word_1_431' title='bbox 1126 5566 1346 5647; x_wconf 88' lang='lat' dir='ltr'><strong>pertinenciis,</strong></span> <span class='ocrx_word' id='word_1_432' title='bbox 1360 5569 1395 5630; x_wconf 90' lang='lat' dir='ltr'><strong>in</strong></span> <span class='ocrx_word' id='word_1_433' title='bbox 1410 5569 1576 5632; x_wconf 89' lang='lat' dir='ltr'><strong>hundredo</strong></span> <span class='ocrx_word' id='word_1_434' title='bbox 1598 5567 1791 5650; x_wconf 90' lang='lat' dir='ltr'><strong>supradicto,</strong></span> <span class='ocrx_word' id='word_1_435' title='bbox 1812 5563 1898 5648; x_wconf 92' lang='lat' dir='ltr'><strong>quod</strong></span> <span class='ocrx_word' id='word_1_436' title='bbox 1922 5567 2052 5624; x_wconf 89' lang='lat' dir='ltr'><strong>tenetur</strong></span> 
     </span>
     <span class='ocr_line' id='line_1_44' title="bbox 553 5647 2052 5737; baseline -0.003 -23"><span class='ocrx_word' id='word_1_437' title='bbox 553 5673 609 5736; x_wconf 92' lang='lat' dir='ltr'><strong>per</strong></span> <span class='ocrx_word' id='word_1_438' title='bbox 624 5652 796 5714; x_wconf 89' lang='lat' dir='ltr'><strong>servicium</strong></span> <span class='ocrx_word' id='word_1_439' title='bbox 810 5669 865 5713; x_wconf 93' lang='lat' dir='ltr'><strong>un.</strong></span> <span class='ocrx_word' id='word_1_440' title='bbox 882 5649 904 5710; x_wconf 85' lang='lat' dir='ltr'><strong>f.</strong></span> <span class='ocrx_word' id='word_1_441' title='bbox 919 5669 964 5711; x_wconf 89' lang='lat' dir='ltr'><strong>m.</strong></span> <span class='ocrx_word' id='word_1_442' title='bbox 980 5650 1065 5712; x_wconf 90' lang='lat' dir='ltr'><strong>unde</strong></span> <span class='ocrx_word' id='word_1_443' title='bbox 1081 5651 1271 5734; x_wconf 87' lang='lat' dir='ltr'><strong>supradictis</strong></span> <span class='ocrx_word' id='word_1_444' title='bbox 1284 5657 1370 5737; x_wconf 91' lang='lat' dir='ltr'><strong>prior</strong></span> <span class='ocrx_word' id='word_1_445' title='bbox 1386 5661 1476 5719; x_wconf 91' lang='lat' dir='ltr'><strong>tenet</strong></span> <span class='ocrx_word' id='word_1_446' title='bbox 1491 5676 1589 5719; x_wconf 92' lang='lat' dir='ltr'><strong>unam</strong></span> <span class='ocrx_word' id='word_1_447' title='bbox 1603 5654 1813 5718; x_wconf 86' lang='lat' dir='ltr'><strong>medietatem</strong></span> <span class='ocrx_word' id='word_1_448' title='bbox 1827 5650 1916 5713; x_wconf 89' lang='lat' dir='ltr'><strong>illius</strong></span> <span class='ocrx_word' id='word_1_449' title='bbox 1938 5649 1961 5714; x_wconf 87' lang='lat' dir='ltr'><strong>f.</strong></span> <span class='ocrx_word' id='word_1_450' title='bbox 2007 5647 2052 5710; x_wconf 85' lang='lat' dir='ltr'><strong>Et</strong></span> 
     </span>
     <span class='ocr_line' id='line_1_45' title="bbox 554 5735 2051 5826; baseline -0.005 -22"><span class='ocrx_word' id='word_1_451' title='bbox 554 5739 730 5824; x_wconf 84' lang='lat' dir='ltr'><strong>supradicti</strong></span> <span class='ocrx_word' id='word_1_452' title='bbox 758 5736 922 5800; x_wconf 87' lang='lat' dir='ltr'><strong>Johannes</strong></span> <span class='ocrx_word' id='word_1_453' title='bbox 951 5743 985 5799; x_wconf 91' lang='lat' dir='ltr'><strong>et</strong></span> <span class='ocrx_word' id='word_1_454' title='bbox 1014 5737 1196 5802; x_wconf 91' lang='lat' dir='ltr'><strong>Willelmus</strong></span> <span class='ocrx_word' id='word_1_455' title='bbox 1224 5746 1338 5805; x_wconf 86' lang='lat' dir='ltr'><strong>tenent</strong></span> <span class='ocrx_word' id='word_1_456' title='bbox 1367 5745 1541 5826; x_wconf 86' lang='lat' dir='ltr'><strong>separatim</strong></span> <span class='ocrx_word' id='word_1_457' title='bbox 1572 5763 1626 5808; x_wconf 90' lang='lat' dir='ltr'><strong>un.</strong></span> <span class='ocrx_word' id='word_1_458' title='bbox 1656 5747 1762 5825; x_wconf 88' lang='lat' dir='ltr'><strong>quart.</strong></span> <span class='ocrx_word' id='word_1_459' title='bbox 1793 5738 1881 5800; x_wconf 89' lang='lat' dir='ltr'><strong>illius</strong></span> <span class='ocrx_word' id='word_1_460' title='bbox 1910 5735 1933 5798; x_wconf 84' lang='lat' dir='ltr'><strong>f.</strong></span> <span class='ocrx_word' id='word_1_461' title='bbox 1964 5735 2051 5798; x_wconf 89' lang='lat' dir='ltr'><strong>unde</strong></span> 
     </span>
     <span class='ocr_line' id='line_1_46' title="bbox 553 5823 2052 5913; baseline -0.004 -22"><span class='ocrx_word' id='word_1_462' title='bbox 553 5826 756 5911; x_wconf 84' lang='lat' dir='ltr'><strong>supradictus</strong></span> <span class='ocrx_word' id='word_1_463' title='bbox 785 5823 950 5887; x_wconf 88' lang='lat' dir='ltr'><strong>Johannes</strong></span> <span class='ocrx_word' id='word_1_464' title='bbox 978 5829 1067 5888; x_wconf 87' lang='lat' dir='ltr'><strong>tenet</strong></span> <span class='ocrx_word' id='word_1_465' title='bbox 1095 5828 1230 5890; x_wconf 89' lang='lat' dir='ltr'><strong>terciam</strong></span> <span class='ocrx_word' id='word_1_466' title='bbox 1259 5835 1383 5911; x_wconf 88' lang='lat' dir='ltr'><strong>partem</strong></span> <span class='ocrx_word' id='word_1_467' title='bbox 1413 5836 1517 5913; x_wconf 89' lang='lat' dir='ltr'><strong>quart.</strong></span> <span class='ocrx_word' id='word_1_468' title='bbox 1548 5829 1737 5912; x_wconf 85' lang='lat' dir='ltr'><strong>supradicti,</strong></span> <span class='ocrx_word' id='word_1_469' title='bbox 1776 5831 1811 5890; x_wconf 87' lang='lat' dir='ltr'><strong>et</strong></span> <span class='ocrx_word' id='word_1_470' title='bbox 1848 5823 2052 5906; x_wconf 86' lang='lat' dir='ltr'><strong>supradictus</strong></span> 
     </span>
     <span class='ocr_line' id='line_1_47' title="bbox 554 5909 1604 5999; baseline 0 -20"><span class='ocrx_word' id='word_1_471' title='bbox 554 5915 693 5979; x_wconf 87' lang='lat' dir='ltr'><strong>Thomas</strong></span> <span class='ocrx_word' id='word_1_472' title='bbox 708 5917 799 5975; x_wconf 78' lang='lat' dir='ltr'><strong>tenet</strong></span> <span class='ocrx_word' id='word_1_473' title='bbox 813 5909 915 5974; x_wconf 88' lang='lat' dir='ltr'><strong>alium</strong></span> <span class='ocrx_word' id='word_1_474' title='bbox 931 5917 1035 5995; x_wconf 87' lang='lat' dir='ltr'><strong>quart.</strong></span> <span class='ocrx_word' id='word_1_475' title='bbox 1052 5912 1075 5976; x_wconf 83' lang='lat' dir='ltr'><strong>f.</strong></span> <span class='ocrx_word' id='word_1_476' title='bbox 1090 5916 1269 5999; x_wconf 83' lang='lat' dir='ltr'><strong>prescripti,</strong></span> <span class='ocrx_word' id='word_1_477' title='bbox 1285 5936 1342 5998; x_wconf 89' lang='lat' dir='ltr'><strong>per</strong></span> <span class='ocrx_word' id='word_1_478' title='bbox 1357 5937 1488 5980; x_wconf 88' lang='lat' dir='ltr'><strong>uxorem</strong></span> <span class='ocrx_word' id='word_1_479' title='bbox 1504 5937 1604 5980; x_wconf 83' lang='lat' dir='ltr'><strong>suam.</strong></span> 
     </span>
    </p>
   </div>
   <div class='ocr_carea' id='block_1_10' title="bbox 0 0 2504 7047">
    <p class='ocr_par' dir='ltr' id='par_1_10' title="bbox 0 0 2504 7047">
     <span class='ocr_line' id='line_1_48' title="bbox 0 0 2504 7047; baseline 0 0"><span class='ocrx_word' id='word_1_480' title='bbox 0 0 2504 7047; x_wconf 95' lang='lat' dir='ltr'><strong> </strong></span> 
     </span>
    </p>
   </div>
  </div>
 </body>
</html>
