5000 7050
507 1071 571 1136 554
1151 1065 1376 1136 NORFOLK.

553 1359 702 1426 Johenne
716 1359 755 1423 de
770 1357 969 1423 Mundciord
983 1362 1077 1422 tenet
1091 1357 1269 1422 inmediate
1295 1358 1335 1421 de
1361 1356 1532 1422 heredibus
1556 1355 1678 1421 Thome
1702 1356 1742 1420 de
1768 1355 1900 1420 Westou
1929 1358 2018 1418 certe

510 1452 609 1511 terres
633 1453 668 1511 et
693 1453 882 1511 tenemente
904 1446 939 1509 in
966 1447 1182 1524 Swarnseem
1206 1465 1270 1530 que
1296 1465 1398 1530 nuper
1422 1443 1556 1509 fuerunt
1581 1443 1754 1508 laurencii
1783 1442 1935 1528 Spruggy
1957 1463 2016 1525 per

508 1535 680 1599 servicium
693 1539 808 1618 querte
822 1535 923 1618 partis
933 1532 960 1618 j.
975 1532 1000 1598 f.
1016 1554 1060 1598 m.
1888 1541 1897 1562 ⁴

552 1672 651 1736 Nulle
666 1677 742 1735 sunt
767 1672 830 1736 alie
856 1691 990 1754 persone
1015 1672 1083 1734 sive
1106 1675 1257 1734 tenentes
1283 1670 1371 1734 infre
1396 1669 1603 1734 hundredum
1630 1669 1825 1753 predictum,
1849 1667 1953 1732 scisiti
1977 1667 2013 1730 in

509 1760 671 1823 dominico
685 1780 743 1822 suo
757 1759 936 1823 inmediete
951 1763 990 1822 ut
1005 1757 1160 1822 delibero
1175 1763 1364 1821 tenemento
1379 1758 1465 1821 unde
1487 1758 1587 1821 iidem
1611 1777 1744 1840 persone
1770 1757 1838 1820 sive
1863 1758 2014 1818 tenentes

508 1847 737 1930 possessionsti
766 1847 922 1923 existunt,
951 1847 1008 1929 qui
1038 1850 1155 1908 tenent
1184 1866 1240 1928 per
1268 1845 1436 1930 integrum
1467 1843 1598 1908 feodum
1628 1844 1758 1922 militis,
1787 1842 2014 1920 medietatem,

507 1935 653 2013 terciam,
667 1933 718 1998 vel
733 1939 884 2017 quartam
898 1941 1026 2018 partem
1037 1932 1064 2016 j.
1080 1933 1104 1998 i.
1120 1953 1164 1998 m.
1181 1932 1349 1998 inclusive.

870 2417 1089 2482 Hosneannu
1113 2438 1156 2483 nn
1181 2416 1330 2484 SOUTH
1353 2415 1648 2482 ERPYNGHAM.

553 2601 731 2683 Inquisicio
744 2605 839 2684 capte
853 2602 940 2685 epud
954 2600 1130 2686 Aleyshem
1149 2603 1184 2666 in
1207 2603 1367 2665 comitatu
1383 2600 1552 2665 Noriolkie
1568 2601 1622 2665 die
1648 2601 1740 2665 hune
1763 2602 1910 2684 proximo
1934 2607 2012 2663 ante

507 2687 628 2750 festum
644 2689 849 2752 Assencionis
871 2688 1004 2753 Domini
1030 2710 1115 2753 anno
1137 2691 1231 2774 regni
1254 2691 1341 2772 regis
1357 2689 1494 2752 Henrici
1509 2689 1592 2752 sexti
1606 2693 1679 2772 post
1694 2694 1904 2772 conquestum
1921 2693 2014 2751 sexto

508 2795 615 2838 coram
629 2773 781 2839 Nicholas
795 2774 927 2853 castell,
948 2777 1091 2840 Henrico
1116 2774 1177 2840 Get
1200 2783 1235 2840 et
1260 2777 1355 2839 sociis
1381 2778 1447 2838 suis
1473 2775 1698 2839 collectoribus
1724 2774 1859 2839 subsidii
1885 2775 2012 2838 domini

508 2863 595 2946 regis
617 2863 653 2926 in
678 2863 838 2926 comitatu
862 2865 1009 2946 predicto
1033 2865 1068 2927 in
1093 2864 1314 2928 Psrliamsnto
1338 2882 1396 2927 suo
1421 2869 1513 2927 tento
1533 2861 1620 2946 apud
1636 2863 1959 2926 Westmonesterium
1974 2863 2012 2924 in

507 2949 671 3034 quindena
686 2950 798 3013 Sancti
826 2949 998 3015 Michaelis
1020 2952 1139 3015 ultime
1162 2954 1320 3035 preterita
1346 2951 1488 3014 concessi
1511 2971 1569 3033 per
1592 2955 1828 3014 sacramentum
1853 2949 2013 3014 Johnnnis

510 3037 634 3120 Bettys‚
657 3035 817 3101 Jobannis
840 3037 1014 3118 Stennerd,
1036 3038 1086 3100 Ro
1108 3040 1157 3102 eri
1181 3039 1276 3118 Hert,
1301 3037 1460 3101 Johannis
1483 3044 1554 3101 atte
1582 3035 1730 3116 Ohirche,
1757 3036 1875 3121 Rogeri
1901 3037 2013 3112 Dowe,

508 3123 528 3186 J
530 3123 668 3186 ohannis
682 3123 868 3207 Wylkenes‚
882 3126 1002 3211 Rogeri
1017 3125 1048 3189 G
1113 3127 1185 3204 ood,
1202 3126 1337 3189 Roberti
1352 3125 1511 3202 Turnour‚
1526 3123 1659 3188 Roberti
1675 3129 1745 3188 atte
1761 3123 1844 3200 Hill,
1870 3122 2013 3188 Simonis

509 3209 633 3294 Burgh,
644 3211 803 3274 Johennis
820 3211 929 3296 Worly
940 3219 976 3276 et
991 3212 1122 3276 Ricardi
1138 3213 1237 3276 Heuh
1251 3213 1446 3298 juratorum,
1458 3213 1514 3296 qui
1529 3213 1646 3275 dicunt
1662 3231 1757 3296 super
1771 3217 2012 3276 sacramentum

508 3318 604 3361 snum
642 3298 730 3382 quod
766 3316 878 3364 omnes
916 3320 1049 3382 persone
1087 3301 1122 3363 in
1159 3301 1225 3363 ista
1261 3301 1478 3386 inquisicione
1515 3301 1685 3364 nominate
1721 3305 1800 3363 sunt
1837 3300 1947 3362 seisite
1978 3304 2013 3362 et

508 3384 742 3464 possessionete
756 3393 791 3450 et
805 3407 916 3450 eorum
931 3388 1070 3472 quilibet
1086 3394 1134 3451 est
1150 3389 1263 3451 seisite
1278 3394 1313 3450 et
1326 3388 1562 3471 possessionste
1576 3387 1613 3450 in
1635 3387 1732 3450 terris
1755 3393 1788 3451 et
1813 3389 2013 3450 tenementis

506 3475 542 3535 in
558 3473 722 3537 dominico
735 3493 793 3538 suo
808 3478 846 3538 ut
861 3475 902 3539 de
916 3476 1018 3539 libero
1032 3480 1220 3541 tenemento
1236 3494 1294 3540 suo
1309 3480 1344 3539 et
1358 3480 1476 3541 tenent
1492 3495 1549 3539 seu
1563 3480 1657 3539 tenet
1671 3474 1768 3540 modo
1783 3480 1818 3538 et
1837 3474 1941 3539 forma
1952 3473 2011 3560 'qui

508 3568 696 3646 sequuntur,
710 3562 865 3626 videlicet
880 3564 967 3649 quod
978 3589 1032 3628 :-

552 3746 673 3813 cecilia
696 3750 850 3816 Herward
875 3757 966 3817 tenet
988 3754 1024 3815 in
1039 3701 1238 3821 Wrrmusen
1263 3772 1366 3816 unum
1390 3753 1591 3837 quarterium
1614 3759 1649 3816 et
1671 3752 1846 3816 dimidium
1870 3752 1894 3817 s.
1910 3770 1955 3818 m.
1971 3752 2013 3817 de

506 3835 654 3901 Johenue
670 3835 803 3919 Curson,
818 3840 905 3916 quod
920 3860 1023 3923 nuper
1037 3839 1161 3903 Thome
1177 3839 1335 3905 Bodhem.

550 3973 655 4036 Alicie
669 3972 857 4057 Wylkohire
871 3978 965 4038 tenet
977 3975 1015 4037 in
1030 3974 1290 4042 Broormsrnoee
1304 3979 1455 4058 quartam
1471 3977 1599 4057 partem
1613 3974 1636 4058 j.
1653 3973 1676 4038 f.
1693 3992 1738 4037 m.
1762 3970 1944 4034 inmediate
1970 3968 2012 4031 de

506 4060 676 4125 heredibus
691 4060 811 4147 Rogeri
826 4061 887 4124 filii
903 4060 1043 4156 Osberti,
1059 4082 1121 4146 que
1136 4082 1240 4146 nuper
1255 4062 1321 4126 fuit
1337 4061 1506 4125 Edmundi
1523 4059 1772 4144 Baconesthorp.

550 4196 713 4264 Johannes
729 4197 837 4261 Becon
850 4197 891 4261 de
906 4198 1019 4261 Lodne
1034 4203 1128 4263 tenet
1141 4201 1177 4263 in
1192 4199 1454 4266 Broosnsrnoee
1468 4198 1613 4284 predicte
1629 4200 1674 4265 di.
1688 4199 1712 4265 i.
1724 4218 1770 4263 m.
1782 4197 1824 4262 de
1838 4195 2013 4261 heredibus

507 4284 639 4349 Roberti
656 4285 717 4348 filii
732 4285 862 4371 Rogeri,
880 4286 966 4371 quod
980 4306 1087 4370 nuper
1101 4287 1167 4350 fuit
1180 4287 1346 4372 Mergerie
1361 4288 1470 4350 uxoris
1485 4286 1607 4371 Rogeri
1622 4287 1742 4353 Beoon.

550 4421 749 4485 laurencius
763 4421 984 4505 Meynweren,
993 4422 1101 4501 miles,
1111 4430 1206 4489 tenet
1220 4423 1256 4487 in
1274 4424 1427 4492 Superos
1444 4421 1524 4486 dues
1538 4428 1647 4507 partes
1661 4424 1686 4509 j.
1696 4425 1719 4489 f.
1732 4444 1775 4489 m.
1787 4422 1829 4487 de
1843 4421 2012 4486 heredibus

507 4509 660 4573 Fulconis
675 4510 835 4592 Bunynrd‚
849 4530 913 4593 que
928 4530 1033 4593 nuper
1046 4510 1181 4575 fuerunt
1195 4510 1347 4575 Edwardi
1362 4512 1402 4576 de
1419 4510 1587 4577 Wereune.

550 4645 713 4712 Johnnnes
727 4644 913 4709 Gemberon
928 4651 963 4710 et
977 4645 1118 4711 Thomas
1132 4647 1238 4712 Milde
1254 4654 1367 4712 tenent
1395 4647 1598 4733 conjunctim
1623 4650 1659 4711 in
1688 4649 1838 4717 Snnrrou
1865 4646 2013 4729 predicte

507 4733 794 4904 tgpcyiqehrqveplqrtem
818 4732 844 4818 j.
861 4733 885 4798 i.
900 4753 947 4799 m.
974 4734 1016 4799 de
1039 4733 1212 4799 heredibus
1240 4736 1381 4819 predicti
1399 4735 1565 4815 Fulconis,
1579 4756 1642 4821 que
1657 4754 1761 4819 nuper
1775 4735 1840 4798 fuit
1854 4733 2012 4798 Willelmi

551 4956 717 5035 Uniridus,
740 4977 848 5021 comes
874 4956 1060 5038 Steflordis‚
1084 4961 1265 5026 inmediate
1279 4965 1373 5025 tenet
1387 4962 1422 5025 in
1437 4961 1672 5027 Bnenruenrn
1688 4961 1797 5027 Psnvr
1811 4962 1856 5026 di.
1870 4958 1894 5025 f.
1909 4981 1953 5026 m.
1970 4960 2011 5024 dc

506 5043 678 5147 heredibus
693 5044 818 5108 domini
834 5045 952 5131 Rogeri
967 5049 1007 5111 de
1022 5048 1150 5128 Brome,
1167 5049 1254 5132 quod
1270 5070 1371 5132 nuper
1386 5050 1454 5112 fuit
1468 5047 1620 5133 Hugonis
1634 5048 1675 5112 de
1691 5047 1847 5113 Audelee.

550 5180 713 5247 Johnnues
735 5180 921 5245 Gerdenere
943 5189 1039 5247 tenet
1060 5185 1095 5247 in
1111 5184 1347 5251 Bnererrrousrr
1362 5184 1507 5269 predicte
1521 5188 1669 5269 quartam
1684 5190 1812 5268 perbem
1825 5184 1851 5271 j.
1867 5184 1890 5247 f.
1906 5202 1952 5248 m.
1970 5184 2012 5247 de

504 5267 678 5332 heredibus
691 5268 775 5332 dicti
789 5268 941 5355 Hugonis
955 5270 996 5333 de
1011 5272 1168 5351 Audelee‚
1184 5293 1247 5354 que
1263 5292 1366 5357 nuper
1380 5272 1447 5335 fuit
1462 5271 1531 5334 Ade
1547 5270 1663 5338 Jebbes
1681 5275 1744 5350 (ie.
1759 5270 1886 5349 Gelbe).

549 5396 733 5462 willelmus
749 5396 928 5483 Phelyppe,
950 5401 1054 5481 miles,
1070 5409 1164 5466 tenet
1185 5404 1222 5465 in
1248 5404 1460 5469 Eserusurre
1487 5422 1589 5465 uuum
1613 5403 1813 5488 quarterium
1827 5405 1852 5491 j.
1869 5402 1892 5467 i.
1909 5423 1954 5467 m.
1972 5402 2010 5465 de

504 5482 676 5551 heredibus
691 5484 829 5550 Walteri
843 5487 883 5551 de
897 5488 1144 5575 Bernynghem‚
1161 5492 1248 5575 quod
1262 5511 1368 5575 nuper
1382 5492 1446 5553 suit
1463 5487 1587 5553 Thome
1604 5488 1823 5575 Erpynghnm,
1841 5491 1967 5555 militis.

548 5620 716 5687 Johenues
752 5623 867 5707 Bettys
903 5633 992 5690 tenet
1028 5627 1063 5690 in
1102 5628 1322 5695 Isurreonosn
1362 5628 1406 5693 di.
1437 5628 1461 5692 f.
1492 5646 1536 5693 m.
1566 5626 1607 5691 de
1636 5626 1805 5691 heredibus
1842 5628 2009 5691 Edmundi

506 5710 759 5795 Beoonesthorp,
774 5712 859 5796 quod
874 5732 977 5797 nuper
992 5714 1057 5778 fuit
1072 5714 1198 5779 Thome
1213 5717 1254 5781 de
1269 5715 1402 5799 Byntre.

548 5848 640 5912 Idem
665 5847 831 5914 iohannes
854 5850 972 5937 Bettys
986 5860 1081 5919 tenet
1095 5856 1130 5918 in
1148 5856 1370 5920 Ienrusuoso
1386 5854 1534 5938 predicte
1550 5874 1653 5917 unum
1669 5854 1870 5939 quarterium
1884 5856 1910 5940 j.
1925 5854 1949 5920 i.
1966 5876 2009 5919 m.

502 5936 543 6003 de
557 5936 729 6001 heredibus
743 5934 765 6000 J
766 5938 879 6002 ordeni
893 5938 996 6005 Filiot
1014 5943 1096 6021 (ric),
1112 5942 1199 6027 quod
1214 5962 1320 6026 nuper
1335 5941 1401 6004 suit
1415 5941 1520 6005 Alicio
1537 5940 1674 6024 Wytfot.
2025 5978 2027 5983 .
