5000 7050
1102 1065 1184 1130 AJ).
1212 1068 1307 1131 1302.
1887 1070 1948 1133 421

489 1342 649 1407 Tenentes
672 1346 830 1406 terrarum
858 1342 993 1427 Romely
1008 1350 1042 1408 et
1064 1344 1216 1407 Gristone
1239 1350 1355 1409 tenent
1368 1347 1403 1408 in
1420 1346 1541 1412 Mrorsx
1558 1347 1786 1413 Wansnsenan
1802 1345 1846 1409 di.
1862 1345 1885 1409 s.
1902 1344 1943 1408 de

439 1430 564 1493 comite
578 1429 762 1508 Glovernie,
776 1434 811 1495 et
826 1451 931 1495 comes
947 1432 988 1495 de
1003 1432 1133 1496 domino
1148 1451 1223 1515 rege
1238 1432 1292 1497 i.c.

488 1560 631 1626 Heredes
656 1563 790 1628 Henrici
813 1567 854 1631 de
878 1564 1034 1630 Warhem
1060 1574 1174 1632 tenent
1199 1571 1235 1632 in
1260 1570 1411 1637 Wiener
1441 1590 1468 1634 v.
1496 1573 1620 1651 partem
1646 1569 1670 1653 j.
1688 1567 1711 1632 f.
1740 1587 1783 1631 m.
1811 1570 1844 1629 et
1870 1570 1942 1629 octo

437 1646 637 1727 denariatas,
661 1652 786 1716 seilicet
810 1653 1020 1718 medietatem
1045 1677 1116 1721 xxx.
1144 1658 1246 1740 partis
1264 1656 1292 1739 j.
1319 1657 1342 1721 f.
1367 1656 1406 1719 de
1436 1655 1577 1720 Jordano
1607 1656 1647 1719 de
1678 1654 1878 1737 Leringsetc,
1907 1658 1942 1717 et

437 1734 603 1800 Jordanns
617 1739 656 1801 dc
671 1738 761 1803 feodo
777 1741 818 1803 de
833 1740 997 1827 Ingclfeld
1011 1743 1051 1806 de
1066 1746 1186 1808 comite
1202 1744 1241 1808 de
1259 1741 1361 1823 Clara,
1376 1750 1411 1806 et
1426 1764 1533 1807 comes
1548 1743 1589 1807 de
1604 1742 1735 1806 domino
1750 1760 1824 1825 rege
1837 1742 1892 1806 i.e.

486 1875 684 1939 Humfridus
698 1877 738 1941 de
753 1877 888 1942 Wotton
903 1884 994 1943 tenet
1007 1881 1043 1942 in
1059 1880 1212 1947 Wsnnasr
1227 1880 1272 1967 vj.
1289 1886 1417 1964 partem
1432 1879 1456 1967 j
1473 1879 1498 1943 f.
1514 1901 1558 1945 m.
1575 1884 1608 1943 et
1624 1898 1674 1943 xx.
1687 1882 1814 1960 partem
1826 1875 1853 1958 j.
1867 1876 1890 1941 f.
1902 1875 1944 1939 de

438 1960 549 2025 Maria
577 1963 617 2026 de
645 1963 771 2028 Neville
798 1971 833 2028 ct
858 1966 899 2029 de
927 1966 1091 2031 Willelmo
1114 1968 1144 2031 le
1167 1967 1297 2049 Venire,
1320 1979 1354 2033 et
1376 1968 1477 2032 iidem
1501 1967 1542 2031 dc
1567 1966 1672 2029 feodis
1698 1963 1886 2028 Arundellie
1909 1967 1945 2027 ct

439 2048 692 2130 Richemundie,
705 2058 739 2115 et
753 2051 856 2116 iidem
871 2053 910 2117 de
925 2054 1056 2118 domino
1071 2075 1148 2139 rege
1164 2056 1219 2121 i.c.

485 2185 600 2251 Comes
625 2187 827 2252 Gloucestrie
851 2194 944 2254 tenet
967 2191 1003 2254 in
1019 2191 1165 2259 Wnnnns
1189 2189 1214 2275 j.
1231 2192 1255 2255 f.
1272 2212 1316 2256 m.
1334 2191 1375 2255 de
1399 2191 1532 2254 domiuo
1556 2209 1631 2274 rege
1656 2188 1710 2253 ic.
1735 2205 1797 2272 quc
1812 2189 1944 2248 vocatur

439 2272 572 2338 feodum
587 2274 728 2339 Colevilc
743 2283 777 2340 et
793 2276 979 2343 Hakebech.

485 2410 665 2512 Adomarus
688 2412 727 2475 de
741 2412 897 2478 Valencia
923 2420 1013 2479 tenet
1038 2416 1075 2478 in
1101 2417 1294 2484 Srrvnnnsa
1319 2420 1354 2480 et
1379 2416 1577 2482 Consanosr
1592 2412 1637 2477 di.
1655 2411 1678 2478 f.
1696 2433 1740 2476 m.
1756 2412 1797 2474 de
1811 2409 1943 2474 domino

438 2519 517 2583 rege
532 2520 584 2564 1.c.

485 2635 670 2701 Willelmus
692 2637 732 2701 de
754 2637 962 2723 Hevingham
991 2645 1026 2703 et
1055 2638 1220 2704 ,lohannes
1241 2641 1271 2703 le
1297 2639 1462 2703 Turtevile
1492 2642 1527 2701 et
1555 2637 1733 2721 percensrii
1762 2637 1876 2698 tenent
1906 2632 1940 2695 in

440 2722 666 2811 Sr1vanxxs1.
682 2723 706 2790 f.
722 2746 766 2790 m.
783 2726 823 2789 de
845 2726 983 2791 Ricardo
1009 2727 1077 2792 filio
1101 2726 1255 2809 Simonis,
1271 2732 1304 2791 et
1319 2727 1476 2790 Ricardus
1492 2726 1532 2790 de
1548 2726 1667 2789 comite
1681 2721 1894 2800 Gloucestrie‚
1909 2726 1943 2783 et

439 2830 549 2875 comes
563 2810 603 2875 de
618 2811 749 2876 domino
763 2832 839 2896 rege
852 2814 907 2880 i.c.

484 2946 640 3011 Ricardus
655 2946 755 3011 Ourln
769 2953 862 3012 tenet
877 2950 912 3013 in
931 2950 1123 3018 Srrvnnnxa
1138 2972 1214 3015 cum
1229 2950 1418 3016 tenentibus
1433 2950 1500 3013 suis
1516 2950 1561 3014 di.
1575 2948 1599 3014 f.
1609 2969 1653 3013 m.
1664 2947 1704 3011 de
1720 2944 1858 3009 Ricardo
1873 2941 1941 3006 filio

438 3033 593 3112 Simonis,
608 3039 644 3098 et
657 3035 745 3098 idem
762 3035 919 3101 Riccrdns
934 3037 973 3101 de
988 3040 1106 3102 comite
1123 3038 1339 3116 Gloncestrie,
1355 3045 1387 3101 et
1403 3056 1509 3101 comes
1524 3036 1564 3101 de
1580 3036 1711 3100 domino
1725 3054 1801 3119 rege
1817 3034 1868 3099 i.c.

483 3170 624 3235 Thomas
639 3171 757 3235 Bakun
772 3178 864 3238 tenet
878 3176 913 3237 in
930 3175 1128 3244 Coxnrnoar
1144 3196 1246 3239 unum
1261 3176 1459 3261 quarterium
1476 3176 1499 3241 f.
1512 3196 1557 3241 m.
1573 3174 1613 3238 de
1629 3174 1769 3257 Hugone
1796 3172 1940 3254 Bardolf,

437 3264 476 3322 et
490 3256 587 3343 Hn'go
601 3260 641 3323 de
656 3261 817 3345 episcopo,
832 3266 867 3325 et
883 3262 1056 3346 episcopus
1070 3264 1111 3326 de
1125 3283 1202 3346 rege
1216 3264 1267 3328 ic.

485 3396 601 3460 Petrus
623 3398 664 3460 de
690 3396 890 3481 Leryngsete
913 3399 954 3463 de
978 3398 1186 3484 Ryngestedc
1212 3404 1305 3463 tenet
1330 3401 1364 3463 in
1390 3400 1587 3467 commoni
1613 3418 1715 3461 unum
1738 3399 1941 3481 quarterium

438 3485 461 3550 f.
479 3505 523 3550 m.
538 3486 577 3549 de
590 3485 732 3570 Hugone
747 3484 889 3566 Bardolf,
906 3492 940 3551 et
954 3488 1053 3570 Hugo
1068 3488 1109 3551 de
1124 3488 1285 3572 episcopo,
1303 3494 1336 3551 et
1351 3488 1520 3571 episcopus
1535 3486 1576 3550 dc
1591 3505 1667 3572 rege
1682 3486 1733 3551 ic.

484 3622 645 3686 Tenentes
660 3628 819 3687 terrarum
834 3622 967 3687 Roberti
982 3625 1043 3688 filii
1059 3624 1187 3688 Radnlfi
1202 3625 1242 3688 de
1259 3625 1393 3701 Quarles
1417 3629 1532 3687 tenent
1553 3624 1597 3689 di.
1613 3624 1636 3688 f.
1652 3642 1697 3688 m.
1723 3624 1759 3686 in
1786 3625 1940 3705 Quemne

438 3709 480 3773 de
496 3708 619 3795 Rogero
633 3709 702 3773 filio
717 3709 860 3788 osberti,
873 3716 909 3774 et
924 3711 1014 3774 idem
1029 3712 1070 3776 de
1084 3713 1204 3775 comite
1221 3711 1422 3789 Warrennie,
1437 3716 1472 3774 et
1487 3731 1593 3774 comes
1608 3711 1649 3774 de
1664 3730 1751 3794 rege.

484 3844 666 3909 Willelmus
689 3845 730 3908 de
752 3844 905 3930 Shypene
924 3849 993 3927 (stc)
1012 3854 1105 3913 tenet
1120 3849 1155 3910 in
1171 3849 1363 3914 Econnnnn
1390 3849 1434 3913 di.
1452 3847 1473 3913 f.
1490 3869 1535 3913 m.
1552 3847 1592 3911 de
1607 3848 1759 3931 episcopo
1781 3846 1940 3933 Norwyci,

436 3937 473 3996 et
486 3931 573 3996 idem
588 3932 630 3996 dc
644 3933 775 3996 domino
789 3953 865 4017 rege
880 3935 930 3999 i.c.

480 4068 642 4133 Robertus
667 4069 708 4134 de
734 4069 901 4156 Kellyngg
924 4075 1014 4135 tenet
1038 4072 1073 4134 in
1100 4072 1292 4138 Eocnnnxn
1316 4073 1360 4138 di.
1377 4072 1400 4138 s.
1415 4093 1459 4138 m.
1475 4073 1515 4136 de
1538 4071 1727 4136 dimissione
1743 4072 1871 4157 Agnete
1896 4073 1938 4136 de

437 4156 570 4220 Mortuo
596 4156 682 4220 Mari
710 4158 752 4221 ad
785 4160 965 4222 terminum
995 4158 1052 4245 vij.
1083 4179 1243 4223 annorum
1279 4160 1320 4225 de
1355 4160 1486 4225 domino
1523 4161 1672 4244 episcopo
1707 4158 1865 4245 Norwyci,
1905 4164 1939 4224 st

436 4244 607 4328 episcopus
621 4244 663 4307 dc
678 4244 811 4308 domino
824 4265 901 4329 rege
915 4246 967 4310 i.c.

480 4377 638 4441 Ricardus
652 4377 693 4441 de
708 4376 933 4463 Walsingham
948 4380 1041 4441 tenet
1055 4380 1091 4442 in
1107 4379 1298 4448 Edonunnn
1313 4401 1417 4447 unum
1431 4379 1629 4464 quarterium
1645 4377 1668 4444 f.
1686 4399 1730 4446 m.
1752 4379 1793 4443 de
1817 4382 1938 4446 comite

436 4465 638 4545 Wcrrennie,
653 4470 689 4530 et
703 4484 811 4528 comes
826 4465 868 4528 de
883 4463 1016 4528 domino
1031 4485 1104 4548 rege
1119 4469 1172 4533 ic.

481 4599 574 4663 Goda
587 4599 628 4662 de
642 4596 828 4662 Thornhsm
842 4602 936 4663 tenet
950 4601 986 4662 in
1001 4600 1193 4666 Eoonrrnxa
1207 4599 1384 4664 dimidium
1399 4601 1602 4684 quarterium
1617 4601 1641 4666 f.
1658 4622 1702 4667 m.
1718 4603 1757 4666 de
1773 4602 1937 4669 Willelmo

435 4687 477 4750 de
493 4685 681 4770 Shipedene,
695 4691 729 4748 et
743 4684 832 4749 idem
847 4686 889 4750 de
904 4688 1052 4771 episcopo
1066 4687 1225 4772 Norwyci,
1240 4691 1274 4750 et
1289 4689 1458 4772 episcopus
1473 4689 1513 4752 de
1529 4687 1661 4753 domino
1676 4709 1752 4776 rege
1766 4691 1819 4756 i.c.

479 4814 571 4879 Prior
594 4816 634 4880 de
658 4815 756 4883 Petra
781 4823 873 4884 tenet
895 4820 931 4883 in
958 4821 1149 4888 Eoonnnnn
1174 4841 1278 4885 unum
1303 4821 1503 4905 quarterium
1528 4821 1551 4887 s.
1580 4843 1623 4884 m.
1651 4825 1685 4885 et
1708 4821 1754 4887 di.
1778 4822 1819 4886 de
1847 4822 1936 4887 dioto

434 4903 598 4987 episcopo,
612 4909 645 4968 et
660 4906 830 4990 epiecopus
843 4907 884 4971 de
898 4929 973 4994 rege
988 4910 1042 4974 i.c.
1797 4942 1826 4982 s

479 5039 662 5105 Willelmus
677 5041 718 5105 de
732 5042 940 5129 Hevingham
956 5050 1047 5109 tenet
1061 5046 1097 5109 in
1115 5045 1308 5114 Srsvnxnxa
1323 5045 1367 5109 di.
1383 5045 1406 5110 f.
1422 5045 1464 5109 de
1481 5043 1620 5109 Ricardo
1636 5044 1704 5108 filio
1723 5044 1880 5126 Simonis,
1901 5051 1935 5110 et

433 5126 590 5191 Ricardus
604 5128 646 5191 de
660 5131 779 5193 comite
795 5130 1007 5213 Gloucestrie,
1023 5137 1058 5196 et
1072 5154 1181 5197 comes
1197 5134 1235 5196 ds
1253 5153 1339 5217 rege.

477 5264 499 5328 J
500 5263 643 5330 ohcnnes
657 5266 819 5333 Turtevile
834 5274 924 5334 tenet
938 5272 974 5334 in
987 5271 1102 5335 eadem
1117 5271 1162 5336 di.
1179 5269 1202 5334 f.
1218 5292 1264 5336 m.
1281 5269 1322 5334 de
1337 5269 1477 5333 Ricardo
1490 5270 1558 5334 filio
1574 5268 1725 5350 Simonis,
1741 5273 1777 5335 et
1790 5271 1877 5334 idem
1892 5271 1933 5335 de

433 5352 523 5416 dicto
537 5355 671 5432 comite,
683 5359 718 5418 et
731 5375 838 5422 comes
852 5357 894 5420 de
908 5378 995 5442 rege.

477 5487 644 5590 Gaiiridus
669 5490 710 5556 de
732 5493 901 5557 Lesiniaco
926 5499 1019 5558 tenet
1046 5495 1082 5558 in
1097 5495 1289 5562 Wronxonn
1316 5497 1441 5557 sextam
1466 5498 1592 5578 partem
1606 5495 1630 5581 j.
1647 5494 1669 5562 f.
1684 5516 1729 5562 m.
1745 5495 1786 5560 de
1800 5495 1932 5560 domino

434 5595 509 5658 rege
523 5597 576 5644 xc.

473 5713 619 5778 Heredes
644 5715 742 5778 Alani
767 5715 799 5779 le
822 5715 924 5781 Noers
948 5722 1064 5782 tenent
1086 5720 1123 5781 in
1153 5719 1401 5785 Hnsnsrnouau
1430 5738 1534 5783 unum
1563 5719 1764 5804 quarterium
1790 5719 1816 5804 j.
1841 5719 1864 5786 f.
1889 5719 1930 5784 de

431 5800 563 5905 domino
591 5802 729 5888 Hngone
752 5802 887 5867 Burdolf
909 5812 944 5868 et
970 5806 1060 5871 idem
1087 5805 1186 5892 Hugo
1217 5807 1257 5869 de
1282 5807 1432 5890 episcopo
1455 5805 1613 5890 Norwyci,
1638 5812 1674 5871 et
1701 5807 1869 5892 episeopus
1890 5806 1931 5871 de

433 5908 510 5973 rege
524 5911 577 5954 te.
