<?xml version="1.0" encoding="UTF-8"?>
<!DOCTYPE html PUBLIC "-//W3C//DTD XHTML 1.0 Transitional//EN"
    "http://www.w3.org/TR/xhtml1/DTD/xhtml1-transitional.dtd">
<html xmlns="http://www.w3.org/1999/xhtml" xml:lang="en" lang="en">
 <head>
  <title>
</title>
<meta http-equiv="Content-Type" content="text/html;charset=utf-8" />
  <meta name='ocr-system' content='tesseract 3.04.00' />
  <meta name='ocr-capabilities' content='ocr_page ocr_carea ocr_par ocr_line ocrx_word'/>
</head>
<body>
  <div class='ocr_page' id='page_1' title='image "./inquisitionsand00offigoog_0624.png"; bbox 0 0 5000 7050; ppageno 0'>
   <div class='ocr_carea' id='block_1_1' title="bbox 520 1028 1390 1097">
    <p class='ocr_par' dir='ltr' id='par_1_1' title="bbox 520 1028 1390 1097">
     <span class='ocr_line' id='line_1_1' title="bbox 520 1028 1390 1097; baseline 0.002 -5"><span class='ocrx_word' id='word_1_1' title='bbox 520 1028 583 1092; x_wconf 81' lang='lat'>606</span> <span class='ocrx_word' id='word_1_2' title='bbox 1169 1029 1390 1097; x_wconf 85' lang='lat' dir='ltr'>NOREOLK.</span> 
     </span>
    </p>
   </div>
   <div class='ocr_carea' id='block_1_2' title="bbox 521 1313 2036 1577">
    <p class='ocr_par' dir='ltr' id='par_1_2' title="bbox 521 1313 2036 1577">
     <span class='ocr_line' id='line_1_2' title="bbox 563 1313 2035 1402; baseline -0.001 -24"><span class='ocrx_word' id='word_1_3' title='bbox 563 1313 709 1379; x_wconf 89' lang='lat' dir='ltr'>Ecclesia</span> <span class='ocrx_word' id='word_1_4' title='bbox 738 1314 851 1380; x_wconf 88' lang='lat' dir='ltr'>Sancti</span> <span class='ocrx_word' id='word_1_5' title='bbox 881 1315 1033 1381; x_wconf 87' lang='lat' dir='ltr'>Nicholai</span> <span class='ocrx_word' id='word_1_6' title='bbox 1063 1318 1105 1381; x_wconf 92' lang='lat' dir='ltr'>de</span> <span class='ocrx_word' id='word_1_7' title='bbox 1141 1317 1289 1382; x_wconf 85' lang='lat' dir='ltr'>Norvioo</span> <span class='ocrx_word' id='word_1_8' title='bbox 1324 1323 1415 1383; x_wconf 88' lang='lat' dir='ltr'>extra</span> <span class='ocrx_word' id='word_1_9' title='bbox 1451 1323 1559 1402; x_wconf 88' lang='lat' dir='ltr'>portas</span> <span class='ocrx_word' id='word_1_10' title='bbox 1588 1317 1675 1382; x_wconf 88' lang='lat' dir='ltr'>dicte</span> <span class='ocrx_word' id='word_1_11' title='bbox 1712 1316 1855 1380; x_wconf 87' lang='lat' dir='ltr'>civitatis</span> <span class='ocrx_word' id='word_1_12' title='bbox 1876 1325 1877 1328; x_wconf 76' lang='grc'>’</span> <span class='ocrx_word' id='word_1_13' title='bbox 1899 1318 2035 1378; x_wconf 85' lang='lat' dir='ltr'>vocatas</span> 
     </span>
     <span class='ocr_line' id='line_1_3' title="bbox 521 1400 2036 1489; baseline -0.001 -24"><span class='ocrx_word' id='word_1_14' title='bbox 521 1400 774 1486; x_wconf 84' lang='lat' dir='ltr'>Berstreteyatis</span> <span class='ocrx_word' id='word_1_15' title='bbox 790 1405 824 1468; x_wconf 91' lang='lat' dir='ltr'>in</span> <span class='ocrx_word' id='word_1_16' title='bbox 841 1405 912 1467; x_wconf 91' lang='lat' dir='ltr'>vico</span> <span class='ocrx_word' id='word_1_17' title='bbox 927 1411 1043 1468; x_wconf 88' lang='lat' dir='ltr'>vocato</span> <span class='ocrx_word' id='word_1_18' title='bbox 1059 1404 1262 1470; x_wconf 86' lang='lat' dir='ltr'>Brahendele</span> <span class='ocrx_word' id='word_1_19' title='bbox 1277 1414 1311 1469; x_wconf 90' lang='lat' dir='ltr'>et</span> <span class='ocrx_word' id='word_1_20' title='bbox 1326 1406 1462 1470; x_wconf 88' lang='lat' dir='ltr'>ecclesia</span> <span class='ocrx_word' id='word_1_21' title='bbox 1477 1405 1590 1470; x_wconf 81' lang='lat' dir='ltr'>Sancti</span> <span class='ocrx_word' id='word_1_22' title='bbox 1614 1403 1761 1489; x_wconf 92' lang='lat' dir='ltr'>Sepulcri</span> <span class='ocrx_word' id='word_1_23' title='bbox 1787 1401 1873 1467; x_wconf 80' lang='lat' dir='ltr'>infra</span> <span class='ocrx_word' id='word_1_24' title='bbox 1897 1403 2036 1466; x_wconf 88' lang='lat' dir='ltr'>easdem</span> 
     </span>
     <span class='ocr_line' id='line_1_4' title="bbox 521 1491 2033 1577; baseline 0.001 -24"><span class='ocrx_word' id='word_1_25' title='bbox 521 1496 632 1574; x_wconf 89' lang='lat' dir='ltr'>portas</span> <span class='ocrx_word' id='word_1_26' title='bbox 647 1495 777 1555; x_wconf 88' lang='lat' dir='ltr'>vocatas</span> <span class='ocrx_word' id='word_1_27' title='bbox 791 1491 1054 1577; x_wconf 83' lang='lat' dir='ltr'>Berstreteyatis,</span> <span class='ocrx_word' id='word_1_28' title='bbox 1069 1513 1131 1577; x_wconf 91' lang='lat' dir='ltr'>que</span> <span class='ocrx_word' id='word_1_29' title='bbox 1146 1493 1330 1557; x_wconf 78' lang='lat' dir='ltr'>adinvicem</span> <span class='ocrx_word' id='word_1_30' title='bbox 1348 1499 1423 1557; x_wconf 90' lang='lat' dir='ltr'>sunt</span> <span class='ocrx_word' id='word_1_31' title='bbox 1437 1514 1574 1572; x_wconf 80' lang='lat' dir='ltr'>annexa,</span> <span class='ocrx_word' id='word_1_32' title='bbox 1589 1492 1699 1556; x_wconf 86' lang='lat' dir='ltr'>valent</span> <span class='ocrx_word' id='word_1_33' title='bbox 1712 1512 1770 1576; x_wconf 90' lang='lat' dir='ltr'>per</span> <span class='ocrx_word' id='word_1_34' title='bbox 1784 1511 1906 1556; x_wconf 85' lang='lat' dir='ltr'>annum</span> <span class='ocrx_word' id='word_1_35' title='bbox 1949 1491 2033 1554; x_wconf 87' lang='lat' dir='ltr'>xl.s.</span> 
     </span>
    </p>
   </div>
   <div class='ocr_carea' id='block_1_3' title="bbox 565 1651 2032 1740">
    <p class='ocr_par' dir='ltr' id='par_1_3' title="bbox 565 1651 2032 1740">
     <span class='ocr_line' id='line_1_5' title="bbox 565 1651 2032 1740; baseline 0.001 -24"><span class='ocrx_word' id='word_1_36' title='bbox 565 1651 709 1716; x_wconf 78' lang='lat' dir='ltr'><strong>Ecclesia</strong></span> <span class='ocrx_word' id='word_1_37' title='bbox 724 1653 836 1718; x_wconf 79' lang='lat' dir='ltr'>Sancti</span> <span class='ocrx_word' id='word_1_38' title='bbox 851 1654 1070 1720; x_wconf 90' lang='lat' dir='ltr'>Bartholomei</span> <span class='ocrx_word' id='word_1_39' title='bbox 1086 1656 1173 1720; x_wconf 90' lang='lat' dir='ltr'>valet</span> <span class='ocrx_word' id='word_1_40' title='bbox 1187 1677 1245 1740; x_wconf 91' lang='lat' dir='ltr'>per</span> <span class='ocrx_word' id='word_1_41' title='bbox 1259 1677 1382 1720; x_wconf 87' lang='lat' dir='ltr'>annum</span> <span class='ocrx_word' id='word_1_42' title='bbox 1436 1696 1850 1709; x_wconf 91' lang='lat'>-----</span> <span class='ocrx_word' id='word_1_43' title='bbox 1939 1675 1993 1720; x_wconf 80' lang='lat' dir='ltr'>xx.</span> <span class='ocrx_word' id='word_1_44' title='bbox 2002 1677 2032 1718; x_wconf 86' lang='lat' dir='ltr'>a.</span> 
     </span>
    </p>
   </div>
   <div class='ocr_carea' id='block_1_4' title="bbox 522 1816 2035 1990">
    <p class='ocr_par' dir='ltr' id='par_1_4' title="bbox 522 1816 2035 1990">
     <span class='ocr_line' id='line_1_6' title="bbox 565 1816 2035 1903; baseline 0 -23"><span class='ocrx_word' id='word_1_45' title='bbox 565 1817 707 1882; x_wconf 82' lang='lat' dir='ltr'>Ecclesia</span> <span class='ocrx_word' id='word_1_46' title='bbox 719 1816 913 1883; x_wconf 89' lang='lat' dir='ltr'>Sanctorum</span> <span class='ocrx_word' id='word_1_47' title='bbox 925 1819 1097 1885; x_wconf 79' lang='lat' dir='ltr'>Michaelis</span> <span class='ocrx_word' id='word_1_48' title='bbox 1113 1826 1148 1884; x_wconf 89' lang='lat' dir='ltr'>et</span> <span class='ocrx_word' id='word_1_49' title='bbox 1159 1821 1298 1885; x_wconf 88' lang='lat' dir='ltr'>Martini</span> <span class='ocrx_word' id='word_1_50' title='bbox 1314 1823 1348 1884; x_wconf 93' lang='lat' dir='ltr'>in</span> <span class='ocrx_word' id='word_1_51' title='bbox 1361 1822 1432 1884; x_wconf 88' lang='lat' dir='ltr'>vico</span> <span class='ocrx_word' id='word_1_52' title='bbox 1442 1821 1483 1884; x_wconf 92' lang='lat' dir='ltr'>de</span> <span class='ocrx_word' id='word_1_53' title='bbox 1495 1819 1741 1903; x_wconf 66' lang='lat' dir='ltr'>Berstretaque</span> <span class='ocrx_word' id='word_1_54' title='bbox 1752 1819 1933 1883; x_wconf 80' lang='lat' dir='ltr'>adinvicem</span> <span class='ocrx_word' id='word_1_55' title='bbox 1951 1823 2035 1881; x_wconf 85' lang='lat' dir='ltr'>sunt</span> 
     </span>
     <span class='ocr_line' id='line_1_7' title="bbox 522 1905 2032 1990; baseline 0.001 -22"><span class='ocrx_word' id='word_1_56' title='bbox 522 1925 658 1982; x_wconf 85' lang='lat' dir='ltr'>annexa,</span> <span class='ocrx_word' id='word_1_57' title='bbox 674 1905 782 1969; x_wconf 89' lang='lat' dir='ltr'>valent</span> <span class='ocrx_word' id='word_1_58' title='bbox 797 1927 989 1990; x_wconf 89' lang='lat' dir='ltr'>perannum</span> <span class='ocrx_word' id='word_1_59' title='bbox 1034 1942 1861 1959; x_wconf 90' lang='grc'>---------</span> <span class='ocrx_word' id='word_1_60' title='bbox 1948 1906 2032 1969; x_wconf 77' lang='lat' dir='ltr'>ahs.</span> 
     </span>
    </p>
   </div>
   <div class='ocr_carea' id='block_1_5' title="bbox 567 2067 2032 2321">
    <p class='ocr_par' dir='ltr' id='par_1_5' title="bbox 567 2067 2032 2321">
     <span class='ocr_line' id='line_1_8' title="bbox 568 2067 2032 2156; baseline 0.002 -25"><span class='ocrx_word' id='word_1_61' title='bbox 568 2069 713 2133; x_wconf 79' lang='lat' dir='ltr'>Ecclesia</span> <span class='ocrx_word' id='word_1_62' title='bbox 728 2067 841 2135; x_wconf 80' lang='lat' dir='ltr'>Sancti</span> <span class='ocrx_word' id='word_1_63' title='bbox 856 2069 1016 2136; x_wconf 88' lang='lat' dir='ltr'>Johannis</span> <span class='ocrx_word' id='word_1_64' title='bbox 1030 2072 1071 2136; x_wconf 89' lang='lat' dir='ltr'>de</span> <span class='ocrx_word' id='word_1_65' title='bbox 1087 2072 1250 2137; x_wconf 87' lang='lat' dir='ltr'>Berstrete</span> <span class='ocrx_word' id='word_1_66' title='bbox 1265 2072 1353 2136; x_wconf 89' lang='lat' dir='ltr'>valet</span> <span class='ocrx_word' id='word_1_67' title='bbox 1368 2092 1426 2156; x_wconf 88' lang='lat' dir='ltr'>per</span> <span class='ocrx_word' id='word_1_68' title='bbox 1441 2091 1564 2136; x_wconf 88' lang='lat' dir='ltr'>annum</span> <span class='ocrx_word' id='word_1_69' title='bbox 1666 2107 1680 2119; x_wconf 96' lang='lat'>·</span> <span class='ocrx_word' id='word_1_70' title='bbox 1767 2106 1782 2117; x_wconf 95' lang='lat'><em>-</em></span> <span class='ocrx_word' id='word_1_71' title='bbox 1870 2106 1882 2117; x_wconf 97' lang='lat'>-</span> <span class='ocrx_word' id='word_1_72' title='bbox 1973 2070 2032 2134; x_wconf 81' lang='lat' dir='ltr'>hs.</span> 
     </span>
     <span class='ocr_line' id='line_1_9' title="bbox 567 2231 2032 2321; baseline 0.002 -26"><span class='ocrx_word' id='word_1_73' title='bbox 567 2231 714 2297; x_wconf 80' lang='lat' dir='ltr'>Ecclesia</span> <span class='ocrx_word' id='word_1_74' title='bbox 727 2233 884 2299; x_wconf 88' lang='lat' dir='ltr'>Omnium</span> <span class='ocrx_word' id='word_1_75' title='bbox 900 2235 1094 2300; x_wconf 88' lang='lat' dir='ltr'>Sanctorum</span> <span class='ocrx_word' id='word_1_76' title='bbox 1109 2237 1144 2299; x_wconf 92' lang='lat' dir='ltr'>in</span> <span class='ocrx_word' id='word_1_77' title='bbox 1161 2235 1440 2321; x_wconf 81' lang='lat' dir='ltr'>Oldswynmarket</span> <span class='ocrx_word' id='word_1_78' title='bbox 1456 2235 1543 2300; x_wconf 87' lang='lat' dir='ltr'>valet</span> <span class='ocrx_word' id='word_1_79' title='bbox 1557 2256 1614 2320; x_wconf 88' lang='lat' dir='ltr'>per</span> <span class='ocrx_word' id='word_1_80' title='bbox 1629 2253 1753 2298; x_wconf 89' lang='lat' dir='ltr'>annum</span> <span class='ocrx_word' id='word_1_81' title='bbox 1820 2269 1833 2282; x_wconf 94' lang='lat'>-</span> <span class='ocrx_word' id='word_1_82' title='bbox 1923 2255 2032 2298; x_wconf 67' lang='lat' dir='ltr'>aras.</span> 
     </span>
    </p>
   </div>
   <div class='ocr_carea' id='block_1_6' title="bbox 524 2396 2035 2552">
    <p class='ocr_par' dir='ltr' id='par_1_6' title="bbox 524 2396 2035 2552">
     <span class='ocr_line' id='line_1_10' title="bbox 566 2396 2035 2487; baseline 0.001 -27"><span class='ocrx_word' id='word_1_83' title='bbox 566 2396 710 2461; x_wconf 75' lang='lat' dir='ltr'>Ecclesia</span> <span class='ocrx_word' id='word_1_84' title='bbox 724 2397 841 2463; x_wconf 86' lang='lat' dir='ltr'>Sancte</span> <span class='ocrx_word' id='word_1_85' title='bbox 855 2398 1025 2482; x_wconf 89' lang='lat' dir='ltr'>Katerine‚</span> <span class='ocrx_word' id='word_1_86' title='bbox 1041 2400 1077 2462; x_wconf 93' lang='lat' dir='ltr'>in</span> <span class='ocrx_word' id='word_1_87' title='bbox 1093 2398 1246 2485; x_wconf 86' lang='lat' dir='ltr'>parochia</span> <span class='ocrx_word' id='word_1_88' title='bbox 1262 2400 1354 2487; x_wconf 82' lang='lat' dir='ltr'>cujus</span> <span class='ocrx_word' id='word_1_89' title='bbox 1369 2399 1502 2465; x_wconf 84' lang='lat' dir='ltr'>ecclesie</span> <span class='ocrx_word' id='word_1_90' title='bbox 1516 2420 1581 2464; x_wconf 92' lang='lat' dir='ltr'>non</span> <span class='ocrx_word' id='word_1_91' title='bbox 1596 2405 1674 2464; x_wconf 87' lang='lat' dir='ltr'>sunt</span> <span class='ocrx_word' id='word_1_92' title='bbox 1687 2399 1790 2483; x_wconf 90' lang='lat' dir='ltr'>aliqui</span> <span class='ocrx_word' id='word_1_93' title='bbox 1805 2396 2035 2463; x_wconf 76' lang='lat' dir='ltr'>inhabitantes</span> 
     </span>
     <span class='ocr_line' id='line_1_11' title="bbox 524 2483 865 2552; baseline 0.018 -6"><span class='ocrx_word' id='word_1_94' title='bbox 524 2483 689 2548; x_wconf 87' lang='lat' dir='ltr'>domicilia</span> <span class='ocrx_word' id='word_1_95' title='bbox 704 2488 865 2552; x_wconf 87' lang='lat' dir='ltr'>tenentes.</span> 
     </span>
    </p>
   </div>
   <div class='ocr_carea' id='block_1_7' title="bbox 524 2645 2034 2910">
    <p class='ocr_par' dir='ltr' id='par_1_7' title="bbox 524 2645 2034 2910">
     <span class='ocr_line' id='line_1_12' title="bbox 568 2645 2033 2732; baseline 0.003 -24"><span class='ocrx_word' id='word_1_96' title='bbox 568 2646 613 2710; x_wconf 91' lang='lat' dir='ltr'>Et</span> <span class='ocrx_word' id='word_1_97' title='bbox 641 2645 683 2711; x_wconf 92' lang='lat' dir='ltr'>de</span> <span class='ocrx_word' id='word_1_98' title='bbox 712 2667 775 2730; x_wconf 91' lang='lat' dir='ltr'>quo</span> <span class='ocrx_word' id='word_1_99' title='bbox 805 2647 948 2712; x_wconf 90' lang='lat' dir='ltr'>subsidio</span> <span class='ocrx_word' id='word_1_100' title='bbox 977 2649 1123 2732; x_wconf 87' lang='lat' dir='ltr'>predicto</span> <span class='ocrx_word' id='word_1_101' title='bbox 1151 2647 1414 2714; x_wconf 88' lang='lat' dir='ltr'>inhabitancium</span> <span class='ocrx_word' id='word_1_102' title='bbox 1444 2649 1610 2715; x_wconf 90' lang='lat' dir='ltr'>domicilia</span> <span class='ocrx_word' id='word_1_103' title='bbox 1638 2649 1826 2712; x_wconf 87' lang='lat' dir='ltr'>tenencinm</span> <span class='ocrx_word' id='word_1_104' title='bbox 1854 2647 2033 2731; x_wconf 87' lang='lat' dir='ltr'>cujuslibet</span> 
     </span>
     <span class='ocr_line' id='line_1_13' title="bbox 524 2733 2034 2821; baseline 0.001 -24"><span class='ocrx_word' id='word_1_105' title='bbox 524 2733 674 2818; x_wconf 86' lang='lat' dir='ltr'>parochie</span> <span class='ocrx_word' id='word_1_106' title='bbox 710 2735 854 2818; x_wconf 81' lang='lat' dir='ltr'>predicte</span> <span class='ocrx_word' id='word_1_107' title='bbox 886 2736 984 2818; x_wconf 85' lang='lat' dir='ltr'>juxta</span> <span class='ocrx_word' id='word_1_108' title='bbox 1021 2735 1160 2800; x_wconf 91' lang='lat' dir='ltr'>valorem</span> <span class='ocrx_word' id='word_1_109' title='bbox 1197 2756 1345 2800; x_wconf 86' lang='lat' dir='ltr'>annuum</span> <span class='ocrx_word' id='word_1_110' title='bbox 1384 2737 1591 2802; x_wconf 88' lang='lat' dir='ltr'>ecclesiarum</span> <span class='ocrx_word' id='word_1_111' title='bbox 1627 2736 1844 2821; x_wconf 88' lang='lat' dir='ltr'>predictarum</span> <span class='ocrx_word' id='word_1_112' title='bbox 1881 2736 2034 2820; x_wconf 89' lang='lat' dir='ltr'>superins</span> 
     </span>
     <span class='ocr_line' id='line_1_14' title="bbox 525 2822 1750 2910; baseline 0.004 -24"><span class='ocrx_word' id='word_1_113' title='bbox 525 2842 709 2906; x_wconf 85' lang='lat' dir='ltr'>expressum</span> <span class='ocrx_word' id='word_1_114' title='bbox 724 2822 862 2905; x_wconf 85' lang='lat' dir='ltr'>predicti</span> <span class='ocrx_word' id='word_1_115' title='bbox 877 2823 1063 2888; x_wconf 72' lang='lat' dir='ltr'>collectores</span> <span class='ocrx_word' id='word_1_116' title='bbox 1078 2825 1167 2888; x_wconf 87' lang='lat' dir='ltr'>dicto</span> <span class='ocrx_word' id='word_1_117' title='bbox 1181 2824 1314 2887; x_wconf 92' lang='lat' dir='ltr'>domino</span> <span class='ocrx_word' id='word_1_118' title='bbox 1329 2825 1399 2909; x_wconf 87' lang='lat' dir='ltr'>regi</span> <span class='ocrx_word' id='word_1_119' title='bbox 1413 2827 1605 2910; x_wconf 87' lang='lat' dir='ltr'>respondere</span> <span class='ocrx_word' id='word_1_120' title='bbox 1621 2825 1750 2892; x_wconf 87' lang='lat' dir='ltr'>debent.</span> 
     </span>
    </p>
   </div>
   <div class='ocr_carea' id='block_1_8' title="bbox 526 2981 2034 3330">
    <p class='ocr_par' dir='ltr' id='par_1_8' title="bbox 526 2981 2034 3330">
     <span class='ocr_line' id='line_1_15' title="bbox 570 2981 2034 3070; baseline -0.001 -25"><span class='ocrx_word' id='word_1_121' title='bbox 570 2981 616 3046; x_wconf 93' lang='lat' dir='ltr'>Et</span> <span class='ocrx_word' id='word_1_122' title='bbox 630 2983 769 3047; x_wconf 87' lang='lat' dir='ltr'>ulterius</span> <span class='ocrx_word' id='word_1_123' title='bbox 784 2984 899 3049; x_wconf 91' lang='lat' dir='ltr'>dicunt</span> <span class='ocrx_word' id='word_1_124' title='bbox 914 2986 1001 3068; x_wconf 92' lang='lat' dir='ltr'>quod</span> <span class='ocrx_word' id='word_1_125' title='bbox 1016 3006 1076 3049; x_wconf 92' lang='lat' dir='ltr'>nec</span> <span class='ocrx_word' id='word_1_126' title='bbox 1091 2987 1127 3050; x_wconf 93' lang='lat' dir='ltr'>in</span> <span class='ocrx_word' id='word_1_127' title='bbox 1141 2987 1277 3051; x_wconf 87' lang='lat' dir='ltr'>civitate</span> <span class='ocrx_word' id='word_1_128' title='bbox 1291 2986 1440 3070; x_wconf 88' lang='lat' dir='ltr'>predicta</span> <span class='ocrx_word' id='word_1_129' title='bbox 1454 3006 1513 3049; x_wconf 89' lang='lat' dir='ltr'>neo</span> <span class='ocrx_word' id='word_1_130' title='bbox 1528 2987 1562 3048; x_wconf 90' lang='lat' dir='ltr'>in</span> <span class='ocrx_word' id='word_1_131' title='bbox 1589 2983 1753 3049; x_wconf 88' lang='lat' dir='ltr'>suburbiis</span> <span class='ocrx_word' id='word_1_132' title='bbox 1774 2981 1921 3068; x_wconf 86' lang='lat' dir='ltr'>ejusdem</span> <span class='ocrx_word' id='word_1_133' title='bbox 1944 2981 2034 3044; x_wconf 81' lang='lat' dir='ltr'>infra</span> 
     </span>
     <span class='ocr_line' id='line_1_16' title="bbox 527 3070 2034 3158; baseline -0.001 -25"><span class='ocrx_word' id='word_1_134' title='bbox 527 3070 666 3134; x_wconf 84' lang='lat' dir='ltr'>wardam</span> <span class='ocrx_word' id='word_1_135' title='bbox 695 3070 873 3155; x_wconf 85' lang='lat' dir='ltr'>predictam</span> <span class='ocrx_word' id='word_1_136' title='bbox 909 3080 987 3137; x_wconf 90' lang='lat' dir='ltr'>sunt</span> <span class='ocrx_word' id='word_1_137' title='bbox 1023 3074 1133 3157; x_wconf 89' lang='lat' dir='ltr'>plures</span> <span class='ocrx_word' id='word_1_138' title='bbox 1168 3075 1300 3139; x_wconf 89' lang='lat' dir='ltr'>ecclesie</span> <span class='ocrx_word' id='word_1_139' title='bbox 1336 3071 1534 3158; x_wconf 88' lang='lat' dir='ltr'>parochiales</span> <span class='ocrx_word' id='word_1_140' title='bbox 1571 3093 1630 3136; x_wconf 89' lang='lat' dir='ltr'>nec</span> <span class='ocrx_word' id='word_1_141' title='bbox 1665 3075 1716 3135; x_wconf 88' lang='lat' dir='ltr'>est</span> <span class='ocrx_word' id='word_1_142' title='bbox 1750 3071 1858 3154; x_wconf 87' lang='lat' dir='ltr'>aliqua</span> <span class='ocrx_word' id='word_1_143' title='bbox 1894 3088 2034 3151; x_wconf 90' lang='lat' dir='ltr'>persona</span> 
     </span>
     <span class='ocr_line' id='line_1_17' title="bbox 526 3155 2034 3245; baseline -0.002 -24"><span class='ocrx_word' id='word_1_144' title='bbox 526 3160 764 3242; x_wconf 82' lang='lat' dir='ltr'>possessionata</span> <span class='ocrx_word' id='word_1_145' title='bbox 788 3159 829 3224; x_wconf 91' lang='lat' dir='ltr'>de</span> <span class='ocrx_word' id='word_1_146' title='bbox 853 3161 947 3224; x_wconf 89' lang='lat' dir='ltr'>terris</span> <span class='ocrx_word' id='word_1_147' title='bbox 972 3181 1031 3224; x_wconf 89' lang='lat' dir='ltr'>nec</span> <span class='ocrx_word' id='word_1_148' title='bbox 1056 3163 1267 3239; x_wconf 85' lang='lat' dir='ltr'>tenementis,</span> <span class='ocrx_word' id='word_1_149' title='bbox 1282 3181 1346 3245; x_wconf 90' lang='lat' dir='ltr'>que</span> <span class='ocrx_word' id='word_1_150' title='bbox 1372 3164 1528 3224; x_wconf 90' lang='lat' dir='ltr'>tenentur</span> <span class='ocrx_word' id='word_1_151' title='bbox 1549 3179 1608 3243; x_wconf 90' lang='lat' dir='ltr'>per</span> <span class='ocrx_word' id='word_1_152' title='bbox 1630 3159 1799 3223; x_wconf 88' lang='lat' dir='ltr'>servicium</span> <span class='ocrx_word' id='word_1_153' title='bbox 1813 3155 1958 3220; x_wconf 87' lang='lat' dir='ltr'>militare</span> <span class='ocrx_word' id='word_1_154' title='bbox 1974 3176 2034 3238; x_wconf 88' lang='lat' dir='ltr'>per</span> 
     </span>
     <span class='ocr_line' id='line_1_18' title="bbox 527 3245 1052 3330; baseline 0.01 -22"><span class='ocrx_word' id='word_1_155' title='bbox 527 3245 668 3330; x_wconf 89' lang='lat' dir='ltr'>aliquam</span> <span class='ocrx_word' id='word_1_156' title='bbox 685 3252 811 3330; x_wconf 87' lang='lat' dir='ltr'>partem</span> <span class='ocrx_word' id='word_1_157' title='bbox 825 3247 911 3311; x_wconf 89' lang='lat' dir='ltr'>feodi</span> <span class='ocrx_word' id='word_1_158' title='bbox 925 3247 1052 3314; x_wconf 81' lang='lat' dir='ltr'>militia</span> 
     </span>
    </p>
   </div>
   <div class='ocr_carea' id='block_1_9' title="bbox 572 3408 796 3498">
    <p class='ocr_par' dir='ltr' id='par_1_9' title="bbox 572 3408 796 3498">
     <span class='ocr_line' id='line_1_19' title="bbox 572 3408 796 3498; baseline 0.013 -26"><span class='ocrx_word' id='word_1_159' title='bbox 572 3408 613 3473; x_wconf 91' lang='lat' dir='ltr'>In</span> <span class='ocrx_word' id='word_1_160' title='bbox 627 3410 722 3498; x_wconf 84' lang='lat' dir='ltr'>cujus</span> <span class='ocrx_word' id='word_1_161' title='bbox 736 3409 796 3475; x_wconf 78' lang='lat' dir='ltr'>dvc.</span> 
     </span>
    </p>
   </div>
   <div class='ocr_carea' id='block_1_10' title="bbox 1046 3733 1529 3801">
    <p class='ocr_par' dir='ltr' id='par_1_10' title="bbox 1046 3733 1529 3801">
     <span class='ocr_line' id='line_1_20' title="bbox 1046 3733 1529 3801; baseline -0.01 1"><span class='ocrx_word' id='word_1_162' title='bbox 1046 3734 1171 3801; x_wconf 83' lang='lat' dir='ltr'>Wsans</span> <span class='ocrx_word' id='word_1_163' title='bbox 1193 3754 1237 3799; x_wconf 81' lang='lat' dir='ltr'>na</span> <span class='ocrx_word' id='word_1_164' title='bbox 1260 3733 1529 3800; x_wconf 81' lang='lat' dir='ltr'>MANCROFTE</span> 
     </span>
    </p>
   </div>
   <div class='ocr_carea' id='block_1_11' title="bbox 532 3921 2034 4792">
    <p class='ocr_par' dir='ltr' id='par_1_11' title="bbox 532 3921 2034 4792">
     <span class='ocr_line' id='line_1_21' title="bbox 576 3921 2034 4009; baseline 0.001 -23"><span class='ocrx_word' id='word_1_165' title='bbox 576 3922 753 4004; x_wconf 74' lang='lat' dir='ltr'>Inquisitio</span> <span class='ocrx_word' id='word_1_166' title='bbox 768 3927 864 4007; x_wconf 88' lang='lat' dir='ltr'>capta</span> <span class='ocrx_word' id='word_1_167' title='bbox 877 3924 1064 3989; x_wconf 84' lang='lat' dir='ltr'>incivitate</span> <span class='ocrx_word' id='word_1_168' title='bbox 1080 3926 1217 3989; x_wconf 86' lang='lat' dir='ltr'>Norvici</span> <span class='ocrx_word' id='word_1_169' title='bbox 1233 3924 1287 3989; x_wconf 87' lang='lat' dir='ltr'>die</span> <span class='ocrx_word' id='word_1_170' title='bbox 1309 3925 1402 3988; x_wconf 91' lang='lat' dir='ltr'>Lune</span> <span class='ocrx_word' id='word_1_171' title='bbox 1424 3923 1569 4009; x_wconf 85' lang='lat' dir='ltr'>proxima</span> <span class='ocrx_word' id='word_1_172' title='bbox 1592 3926 1668 3988; x_wconf 88' lang='lat' dir='ltr'>ante</span> <span class='ocrx_word' id='word_1_173' title='bbox 1692 3921 1813 3988; x_wconf 86' lang='lat' dir='ltr'>festum</span> <span class='ocrx_word' id='word_1_174' title='bbox 1827 3922 2034 3987; x_wconf 83' lang='lat' dir='ltr'>Ascensionis</span> 
     </span>
     <span class='ocr_line' id='line_1_22' title="bbox 533 4008 2034 4097; baseline 0.001 -26"><span class='ocrx_word' id='word_1_175' title='bbox 533 4008 667 4073; x_wconf 90' lang='lat' dir='ltr'>Domini</span> <span class='ocrx_word' id='word_1_176' title='bbox 697 4028 782 4073; x_wconf 90' lang='lat' dir='ltr'>anno</span> <span class='ocrx_word' id='word_1_177' title='bbox 810 4013 902 4097; x_wconf 82' lang='lat' dir='ltr'>regni</span> <span class='ocrx_word' id='word_1_178' title='bbox 932 4013 1017 4096; x_wconf 88' lang='lat' dir='ltr'>regis</span> <span class='ocrx_word' id='word_1_179' title='bbox 1044 4012 1180 4076; x_wconf 85' lang='lat' dir='ltr'>Hearici</span> <span class='ocrx_word' id='word_1_180' title='bbox 1210 4012 1296 4077; x_wconf 87' lang='lat' dir='ltr'>sexti</span> <span class='ocrx_word' id='word_1_181' title='bbox 1325 4018 1398 4096; x_wconf 90' lang='lat' dir='ltr'>post</span> <span class='ocrx_word' id='word_1_182' title='bbox 1424 4018 1637 4095; x_wconf 91' lang='lat' dir='ltr'>conquestum</span> <span class='ocrx_word' id='word_1_183' title='bbox 1660 4016 1750 4075; x_wconf 85' lang='lat' dir='ltr'>sexto</span> <span class='ocrx_word' id='word_1_184' title='bbox 1773 4030 1880 4073; x_wconf 89' lang='lat' dir='ltr'>coram</span> <span class='ocrx_word' id='word_1_185' title='bbox 1907 4008 2034 4076; x_wconf 74' lang='lat' dir='ltr'>[thoma</span> 
     </span>
     <span class='ocr_line' id='line_1_23' title="bbox 532 4094 2032 4183; baseline 0.002 -25"><span class='ocrx_word' id='word_1_186' title='bbox 532 4094 673 4181; x_wconf 85' lang='lat' dir='ltr'>Ingham</span> <span class='ocrx_word' id='word_1_187' title='bbox 697 4102 730 4160; x_wconf 90' lang='lat' dir='ltr'>et</span> <span class='ocrx_word' id='word_1_188' title='bbox 746 4096 894 4164; x_wconf 82' lang='lat' dir='ltr'>Johanne</span> <span class='ocrx_word' id='word_1_189' title='bbox 919 4099 1089 4163; x_wconf 85' lang='lat' dir='ltr'>Alderford</span> <span class='ocrx_word' id='word_1_190' title='bbox 1105 4099 1330 4164; x_wconf 82' lang='lat' dir='ltr'>collectoribus</span> <span class='ocrx_word' id='word_1_191' title='bbox 1359 4097 1417 4165; x_wconf 78' lang='lat' dir='ltr'>dcc.</span> <span class='ocrx_word' id='word_1_192' title='bbox 1434 4120 1490 4183; x_wconf 89' lang='lat' dir='ltr'>per</span> <span class='ocrx_word' id='word_1_193' title='bbox 1521 4100 1684 4162; x_wconf 89' lang='lat' dir='ltr'>Andream</span> <span class='ocrx_word' id='word_1_194' title='bbox 1713 4097 1803 4176; x_wconf 88' lang='lat' dir='ltr'>Man,</span> <span class='ocrx_word' id='word_1_195' title='bbox 1832 4095 2032 4161; x_wconf 90' lang='lat' dir='ltr'>Michaelem</span> 
     </span>
     <span class='ocr_line' id='line_1_24' title="bbox 532 4181 2033 4268; baseline 0.002 -23"><span class='ocrx_word' id='word_1_196' title='bbox 532 4181 692 4267; x_wconf 81' lang='lat' dir='ltr'>Bargate,</span> <span class='ocrx_word' id='word_1_197' title='bbox 729 4184 912 4249; x_wconf 85' lang='lat' dir='ltr'>Martinam</span> <span class='ocrx_word' id='word_1_198' title='bbox 951 4186 1099 4264; x_wconf 84' lang='lat' dir='ltr'>Mandis,</span> <span class='ocrx_word' id='word_1_199' title='bbox 1134 4188 1310 4251; x_wconf 88' lang='lat' dir='ltr'>Ricardum</span> <span class='ocrx_word' id='word_1_200' title='bbox 1349 4186 1487 4266; x_wconf 88' lang='lat' dir='ltr'>Brasier,</span> <span class='ocrx_word' id='word_1_201' title='bbox 1525 4184 1709 4252; x_wconf 87' lang='lat' dir='ltr'>Johannem</span> <span class='ocrx_word' id='word_1_202' title='bbox 1748 4184 1869 4268; x_wconf 86' lang='lat' dir='ltr'>Spioer,</span> <span class='ocrx_word' id='word_1_203' title='bbox 1904 4185 2033 4263; x_wconf 90' lang='lat' dir='ltr'>bocher,</span> 
     </span>
     <span class='ocr_line' id='line_1_25' title="bbox 532 4268 2031 4357; baseline 0.001 -24"><span class='ocrx_word' id='word_1_204' title='bbox 532 4268 699 4352; x_wconf 87' lang='lat' dir='ltr'>Rogerum</span> <span class='ocrx_word' id='word_1_205' title='bbox 714 4268 929 4357; x_wconf 86' lang='lat' dir='ltr'>Cornevayle‚</span> <span class='ocrx_word' id='word_1_206' title='bbox 944 4273 1125 4337; x_wconf 86' lang='lat' dir='ltr'>Robertnm</span> <span class='ocrx_word' id='word_1_207' title='bbox 1148 4275 1268 4357; x_wconf 80' lang='lat' dir='ltr'>Toppe,</span> <span class='ocrx_word' id='word_1_208' title='bbox 1289 4273 1469 4337; x_wconf 89' lang='lat' dir='ltr'>Henricum</span> <span class='ocrx_word' id='word_1_209' title='bbox 1496 4273 1675 4352; x_wconf 88' lang='lat' dir='ltr'>Waltham,</span> <span class='ocrx_word' id='word_1_210' title='bbox 1700 4272 1881 4339; x_wconf 83' lang='lat' dir='ltr'>Johannem</span> <span class='ocrx_word' id='word_1_211' title='bbox 1907 4272 2031 4356; x_wconf 83' lang='lat' dir='ltr'>Ketyss,</span> 
     </span>
     <span class='ocr_line' id='line_1_26' title="bbox 533 4358 2033 4446; baseline 0.004 -27"><span class='ocrx_word' id='word_1_212' title='bbox 533 4358 710 4421; x_wconf 86' lang='lat' dir='ltr'>Ricardum</span> <span class='ocrx_word' id='word_1_213' title='bbox 737 4360 852 4440; x_wconf 85' lang='lat' dir='ltr'>Herte,</span> <span class='ocrx_word' id='word_1_214' title='bbox 877 4360 1081 4424; x_wconf 86' lang='lat' dir='ltr'>Willelmum</span> <span class='ocrx_word' id='word_1_215' title='bbox 1107 4360 1239 4424; x_wconf 92' lang='lat' dir='ltr'>Multon</span> <span class='ocrx_word' id='word_1_216' title='bbox 1263 4366 1299 4425; x_wconf 92' lang='lat' dir='ltr'>et</span> <span class='ocrx_word' id='word_1_217' title='bbox 1325 4361 1501 4446; x_wconf 83' lang='lat' dir='ltr'>Hugonem</span> <span class='ocrx_word' id='word_1_218' title='bbox 1527 4359 1721 4444; x_wconf 83' lang='lat' dir='ltr'>Leveryche,</span> <span class='ocrx_word' id='word_1_219' title='bbox 1744 4360 1900 4446; x_wconf 80' lang='lat' dir='ltr'>juratores</span> <span class='ocrx_word' id='word_1_220' title='bbox 1926 4362 2033 4425; x_wconf 87' lang='lat' dir='ltr'>verde</span> 
     </span>
     <span class='ocr_line' id='line_1_27' title="bbox 534 4445 2033 4533; baseline 0.002 -25"><span class='ocrx_word' id='word_1_221' title='bbox 534 4445 576 4508; x_wconf 92' lang='lat' dir='ltr'>de</span> <span class='ocrx_word' id='word_1_222' title='bbox 598 4445 792 4526; x_wconf 89' lang='lat' dir='ltr'>Mancrofte,</span> <span class='ocrx_word' id='word_1_223' title='bbox 823 4448 881 4531; x_wconf 91' lang='lat' dir='ltr'>qui</span> <span class='ocrx_word' id='word_1_224' title='bbox 906 4448 1023 4511; x_wconf 88' lang='lat' dir='ltr'>dicunt</span> <span class='ocrx_word' id='word_1_225' title='bbox 1048 4470 1144 4533; x_wconf 89' lang='lat' dir='ltr'>super</span> <span class='ocrx_word' id='word_1_226' title='bbox 1174 4452 1409 4512; x_wconf 84' lang='lat' dir='ltr'>sacramentnm</span> <span class='ocrx_word' id='word_1_227' title='bbox 1431 4468 1527 4511; x_wconf 91' lang='lat' dir='ltr'>suum</span> <span class='ocrx_word' id='word_1_228' title='bbox 1549 4448 1636 4532; x_wconf 90' lang='lat' dir='ltr'>quod</span> <span class='ocrx_word' id='word_1_229' title='bbox 1657 4449 1692 4510; x_wconf 89' lang='lat' dir='ltr'>in</span> <span class='ocrx_word' id='word_1_230' title='bbox 1725 4448 1840 4511; x_wconf 80' lang='lat' dir='ltr'>eadem</span> <span class='ocrx_word' id='word_1_231' title='bbox 1864 4446 1968 4511; x_wconf 79' lang='lat' dir='ltr'>warda</span> <span class='ocrx_word' id='word_1_232' title='bbox 1992 4449 2033 4512; x_wconf 89' lang='lat' dir='ltr'>de</span> 
     </span>
     <span class='ocr_line' id='line_1_28' title="bbox 533 4532 2031 4620; baseline 0 -22"><span class='ocrx_word' id='word_1_233' title='bbox 533 4532 716 4598; x_wconf 84' lang='lat' dir='ltr'>Mancrofte</span> <span class='ocrx_word' id='word_1_234' title='bbox 752 4540 828 4598; x_wconf 90' lang='lat' dir='ltr'>sunt</span> <span class='ocrx_word' id='word_1_235' title='bbox 866 4539 931 4599; x_wconf 88' lang='lat' dir='ltr'>tres</span> <span class='ocrx_word' id='word_1_236' title='bbox 967 4536 1102 4601; x_wconf 88' lang='lat' dir='ltr'>ecclesie</span> <span class='ocrx_word' id='word_1_237' title='bbox 1138 4533 1336 4620; x_wconf 87' lang='lat' dir='ltr'>parochiales</span> <span class='ocrx_word' id='word_1_238' title='bbox 1372 4535 1528 4599; x_wconf 85' lang='lat' dir='ltr'>videlicet</span> <span class='ocrx_word' id='word_1_239' title='bbox 1557 4536 1694 4599; x_wconf 89' lang='lat' dir='ltr'>ecclesia</span> <span class='ocrx_word' id='word_1_240' title='bbox 1725 4536 1838 4603; x_wconf 84' lang='lat' dir='ltr'>Sancti</span> <span class='ocrx_word' id='word_1_241' title='bbox 1866 4532 1957 4599; x_wconf 89' lang='lat' dir='ltr'>Petri</span> <span class='ocrx_word' id='word_1_242' title='bbox 1987 4535 2031 4598; x_wconf 93' lang='lat' dir='ltr'>de</span> 
     </span>
     <span class='ocr_line' id='line_1_29' title="bbox 534 4618 2031 4770; baseline 0.002 -87"><span class='ocrx_word' id='word_1_243' title='bbox 534 4618 726 4770; x_wconf 58' lang='lat' dir='ltr'>Mancpplte,</span> <span class='ocrx_word' id='word_1_244' title='bbox 739 4620 876 4687; x_wconf 88' lang='lat' dir='ltr'>ecclesia</span> <span class='ocrx_word' id='word_1_245' title='bbox 893 4622 1006 4692; x_wconf 81' lang='lat' dir='ltr'>Sancti</span> <span class='ocrx_word' id='word_1_246' title='bbox 1019 4622 1178 4708; x_wconf 80' lang='lat' dir='ltr'>Stephani</span> <span class='ocrx_word' id='word_1_247' title='bbox 1192 4627 1226 4687; x_wconf 91' lang='lat' dir='ltr'>et</span> <span class='ocrx_word' id='word_1_248' title='bbox 1237 4622 1373 4688; x_wconf 87' lang='lat' dir='ltr'>ecclesia</span> <span class='ocrx_word' id='word_1_249' title='bbox 1386 4623 1498 4691; x_wconf 83' lang='lat' dir='ltr'>Sancti</span> <span class='ocrx_word' id='word_1_250' title='bbox 1509 4622 1622 4708; x_wconf 80' lang='lat' dir='ltr'>Egidii</span> <span class='ocrx_word' id='word_1_251' title='bbox 1633 4623 1674 4687; x_wconf 93' lang='lat' dir='ltr'>de</span> <span class='ocrx_word' id='word_1_252' title='bbox 1683 4620 1854 4706; x_wconf 84' lang='lat' dir='ltr'>Nevporte</span> <span class='ocrx_word' id='word_1_253' title='bbox 1867 4620 2031 4707; x_wconf 82' lang='lat' dir='ltr'>Superiori</span> 
     </span>
     <span class='ocr_line' id='line_1_30' title="bbox 533 4713 734 4792; baseline 0 -23"><span class='ocrx_word' id='word_1_254' title='bbox 533 4713 567 4770; x_wconf 91' lang='lat' dir='ltr'>et</span> <span class='ocrx_word' id='word_1_255' title='bbox 581 4728 626 4792; x_wconf 90' lang='lat' dir='ltr'>qu</span> <span class='ocrx_word' id='word_1_256' title='bbox 680 4729 734 4769; x_wconf 88' lang='lat'>:—</span> 
     </span>
    </p>
   </div>
   <div class='ocr_carea' id='block_1_12' title="bbox 534 4895 2032 5069">
    <p class='ocr_par' dir='ltr' id='par_1_12' title="bbox 534 4895 2032 5069">
     <span class='ocr_line' id='line_1_31' title="bbox 577 4895 2032 5048; baseline 0.002 -88"><span class='ocrx_word' id='word_1_257' title='bbox 577 4895 732 5048; x_wconf 68' lang='lat' dir='ltr'>Preldicta</span> <span class='ocrx_word' id='word_1_258' title='bbox 757 4898 892 4964; x_wconf 85' lang='lat' dir='ltr'>ecclesia</span> <span class='ocrx_word' id='word_1_259' title='bbox 918 4900 1031 4967; x_wconf 83' lang='lat' dir='ltr'>Sancti</span> <span class='ocrx_word' id='word_1_260' title='bbox 1051 4900 1141 4965; x_wconf 89' lang='lat' dir='ltr'>Petri</span> <span class='ocrx_word' id='word_1_261' title='bbox 1164 4899 1253 4965; x_wconf 86' lang='lat' dir='ltr'>valet</span> <span class='ocrx_word' id='word_1_262' title='bbox 1278 4920 1337 4984; x_wconf 90' lang='lat' dir='ltr'>per</span> <span class='ocrx_word' id='word_1_263' title='bbox 1363 4919 1485 4964; x_wconf 87' lang='lat' dir='ltr'>annum</span> <span class='ocrx_word' id='word_1_264' title='bbox 1512 4898 1622 4964; x_wconf 89' lang='lat' dir='ltr'>decem</span> <span class='ocrx_word' id='word_1_265' title='bbox 1648 4902 1680 4963; x_wconf 90' lang='lat' dir='ltr'>et</span> <span class='ocrx_word' id='word_1_266' title='bbox 1705 4917 1822 4962; x_wconf 92' lang='lat' dir='ltr'>novem</span> <span class='ocrx_word' id='word_1_267' title='bbox 1848 4918 1972 4963; x_wconf 89' lang='lat' dir='ltr'>marcas</span> <span class='ocrx_word' id='word_1_268' title='bbox 1996 4903 2032 4963; x_wconf 87' lang='lat' dir='ltr'>et</span> 
     </span>
     <span class='ocr_line' id='line_1_32' title="bbox 534 5004 698 5069; baseline 0.024 -22"><span class='ocrx_word' id='word_1_269' title='bbox 534 5004 599 5049; x_wconf 89' lang='lat' dir='ltr'>non</span> <span class='ocrx_word' id='word_1_270' title='bbox 612 5005 636 5069; x_wconf 95' lang='lat' dir='ltr'>p</span> <span class='ocrx_word' id='word_1_271' title='bbox 649 5006 698 5052; x_wconf 91' lang='lat' dir='ltr'>us.</span> 
     </span>
    </p>
   </div>
   <div class='ocr_carea' id='block_1_13' title="bbox 578 5146 1987 5399">
    <p class='ocr_par' dir='ltr' id='par_1_13' title="bbox 578 5146 1987 5399">
     <span class='ocr_line' id='line_1_33' title="bbox 578 5146 1987 5235; baseline 0.002 -25"><span class='ocrx_word' id='word_1_272' title='bbox 578 5147 730 5213; x_wconf 89' lang='lat' dir='ltr'>Predicta</span> <span class='ocrx_word' id='word_1_273' title='bbox 744 5149 877 5213; x_wconf 89' lang='lat' dir='ltr'>ecclesia</span> <span class='ocrx_word' id='word_1_274' title='bbox 891 5146 1004 5213; x_wconf 88' lang='lat' dir='ltr'>Sancti</span> <span class='ocrx_word' id='word_1_275' title='bbox 1022 5148 1182 5235; x_wconf 88' lang='lat' dir='ltr'>Stephani</span> <span class='ocrx_word' id='word_1_276' title='bbox 1195 5150 1285 5215; x_wconf 90' lang='lat' dir='ltr'>valet</span> <span class='ocrx_word' id='word_1_277' title='bbox 1299 5170 1358 5235; x_wconf 92' lang='lat' dir='ltr'>per</span> <span class='ocrx_word' id='word_1_278' title='bbox 1373 5169 1495 5213; x_wconf 89' lang='lat' dir='ltr'>annum</span> <span class='ocrx_word' id='word_1_279' title='bbox 1509 5148 1621 5213; x_wconf 88' lang='lat' dir='ltr'>decem</span> <span class='ocrx_word' id='word_1_280' title='bbox 1637 5168 1759 5211; x_wconf 89' lang='lat' dir='ltr'>marcas</span> <span class='ocrx_word' id='word_1_281' title='bbox 1774 5150 1808 5213; x_wconf 88' lang='lat' dir='ltr'>et</span> <span class='ocrx_word' id='word_1_282' title='bbox 1821 5167 1887 5212; x_wconf 91' lang='lat' dir='ltr'>non</span> <span class='ocrx_word' id='word_1_283' title='bbox 1902 5148 1987 5231; x_wconf 90' lang='lat' dir='ltr'>plus.</span> 
     </span>
     <span class='ocr_line' id='line_1_34' title="bbox 578 5311 1972 5399; baseline 0.001 -24"><span class='ocrx_word' id='word_1_284' title='bbox 578 5311 729 5378; x_wconf 89' lang='lat' dir='ltr'>Predicta</span> <span class='ocrx_word' id='word_1_285' title='bbox 742 5311 876 5377; x_wconf 85' lang='lat' dir='ltr'>ecclesia</span> <span class='ocrx_word' id='word_1_286' title='bbox 893 5312 1007 5380; x_wconf 87' lang='lat' dir='ltr'>Sancti</span> <span class='ocrx_word' id='word_1_287' title='bbox 1021 5313 1135 5399; x_wconf 86' lang='lat' dir='ltr'>Egidii</span> <span class='ocrx_word' id='word_1_288' title='bbox 1153 5312 1241 5382; x_wconf 85' lang='lat' dir='ltr'>valet</span> <span class='ocrx_word' id='word_1_289' title='bbox 1255 5334 1313 5399; x_wconf 89' lang='lat' dir='ltr'>per</span> <span class='ocrx_word' id='word_1_290' title='bbox 1328 5332 1450 5377; x_wconf 90' lang='lat' dir='ltr'>annum</span> <span class='ocrx_word' id='word_1_291' title='bbox 1465 5313 1608 5396; x_wconf 92' lang='lat' dir='ltr'>quinque</span> <span class='ocrx_word' id='word_1_292' title='bbox 1624 5330 1746 5375; x_wconf 85' lang='lat' dir='ltr'>marcas</span> <span class='ocrx_word' id='word_1_293' title='bbox 1760 5316 1795 5375; x_wconf 91' lang='lat' dir='ltr'>et</span> <span class='ocrx_word' id='word_1_294' title='bbox 1809 5330 1873 5375; x_wconf 92' lang='lat' dir='ltr'>non</span> <span class='ocrx_word' id='word_1_295' title='bbox 1888 5311 1972 5396; x_wconf 85' lang='lat' dir='ltr'>plus.</span> 
     </span>
    </p>
   </div>
   <div class='ocr_carea' id='block_1_14' title="bbox 536 5474 2032 5648">
    <p class='ocr_par' dir='ltr' id='par_1_14' title="bbox 536 5474 2032 5648">
     <span class='ocr_line' id='line_1_35' title="bbox 580 5474 2032 5561; baseline 0.001 -23"><span class='ocrx_word' id='word_1_296' title='bbox 580 5475 629 5539; x_wconf 92' lang='lat' dir='ltr'>De</span> <span class='ocrx_word' id='word_1_297' title='bbox 677 5474 821 5539; x_wconf 90' lang='lat' dir='ltr'>subsidio</span> <span class='ocrx_word' id='word_1_298' title='bbox 860 5474 1098 5557; x_wconf 87' lang='lat' dir='ltr'>parochiarum,</span> <span class='ocrx_word' id='word_1_299' title='bbox 1143 5497 1282 5560; x_wconf 86' lang='lat' dir='ltr'>quarum</span> <span class='ocrx_word' id='word_1_300' title='bbox 1330 5476 1538 5540; x_wconf 89' lang='lat' dir='ltr'>ecclesiarum</span> <span class='ocrx_word' id='word_1_301' title='bbox 1573 5475 1668 5561; x_wconf 82' lang='lat' dir='ltr'>juxta</span> <span class='ocrx_word' id='word_1_302' title='bbox 1704 5476 1772 5537; x_wconf 93' lang='lat' dir='ltr'>vim</span> <span class='ocrx_word' id='word_1_303' title='bbox 1810 5479 1845 5539; x_wconf 87' lang='lat' dir='ltr'>et</span> <span class='ocrx_word' id='word_1_304' title='bbox 1880 5474 2032 5539; x_wconf 82' lang='lat' dir='ltr'>effectum</span> 
     </span>
     <span class='ocr_line' id='line_1_36' title="bbox 536 5561 1987 5648; baseline 0.001 -21"><span class='ocrx_word' id='word_1_305' title='bbox 536 5562 748 5627; x_wconf 88' lang='lat' dir='ltr'>concessionis</span> <span class='ocrx_word' id='word_1_306' title='bbox 761 5561 898 5625; x_wconf 91' lang='lat' dir='ltr'>subsidii</span> <span class='ocrx_word' id='word_1_307' title='bbox 913 5563 1052 5646; x_wconf 89' lang='lat' dir='ltr'>predicti</span> <span class='ocrx_word' id='word_1_308' title='bbox 1068 5563 1150 5627; x_wconf 87' lang='lat' dir='ltr'>dicti</span> <span class='ocrx_word' id='word_1_309' title='bbox 1165 5564 1351 5628; x_wconf 86' lang='lat' dir='ltr'>collectores</span> <span class='ocrx_word' id='word_1_310' title='bbox 1366 5563 1455 5629; x_wconf 91' lang='lat' dir='ltr'>dicto</span> <span class='ocrx_word' id='word_1_311' title='bbox 1470 5563 1601 5627; x_wconf 92' lang='lat' dir='ltr'>domino</span> <span class='ocrx_word' id='word_1_312' title='bbox 1616 5563 1685 5648; x_wconf 87' lang='lat' dir='ltr'>regi</span> <span class='ocrx_word' id='word_1_313' title='bbox 1701 5568 1778 5627; x_wconf 89' lang='lat' dir='ltr'>sunt</span> <span class='ocrx_word' id='word_1_314' title='bbox 1793 5564 1987 5647; x_wconf 88' lang='lat' dir='ltr'>responsuri.</span> 
     </span>
    </p>
   </div>
   <div class='ocr_carea' id='block_1_15' title="bbox 580 5721 1828 5811">
    <p class='ocr_par' dir='ltr' id='par_1_15' title="bbox 580 5721 1828 5811">
     <span class='ocr_line' id='line_1_37' title="bbox 580 5721 1828 5811; baseline 0.003 -26"><span class='ocrx_word' id='word_1_315' title='bbox 580 5724 624 5786; x_wconf 90' lang='lat' dir='ltr'>Et</span> <span class='ocrx_word' id='word_1_316' title='bbox 638 5722 754 5786; x_wconf 91' lang='lat' dir='ltr'>dicunt</span> <span class='ocrx_word' id='word_1_317' title='bbox 767 5723 903 5787; x_wconf 89' lang='lat' dir='ltr'>ulterius</span> <span class='ocrx_word' id='word_1_318' title='bbox 918 5723 1004 5808; x_wconf 88' lang='lat' dir='ltr'>quod</span> <span class='ocrx_word' id='word_1_319' title='bbox 1033 5726 1119 5789; x_wconf 86' lang='lat' dir='ltr'>infra</span> <span class='ocrx_word' id='word_1_320' title='bbox 1134 5726 1271 5789; x_wconf 82' lang='lat' dir='ltr'>wardam</span> <span class='ocrx_word' id='word_1_321' title='bbox 1287 5728 1465 5811; x_wconf 86' lang='lat' dir='ltr'>predictam</span> <span class='ocrx_word' id='word_1_322' title='bbox 1479 5744 1544 5789; x_wconf 91' lang='lat' dir='ltr'>non</span> <span class='ocrx_word' id='word_1_323' title='bbox 1557 5728 1635 5787; x_wconf 86' lang='lat' dir='ltr'>sant</span> <span class='ocrx_word' id='word_1_324' title='bbox 1648 5723 1757 5808; x_wconf 88' lang='lat' dir='ltr'>plures</span> <span class='ocrx_word' id='word_1_325' title='bbox 1770 5721 1828 5789; x_wconf 74' lang='lat' dir='ltr'>&amp;a</span> 
     </span>
    </p>
   </div>
   <div class='ocr_carea' id='block_1_16' title="bbox 572 5882 804 5972">
    <p class='ocr_par' dir='ltr' id='par_1_16' title="bbox 572 5882 804 5972">
     <span class='ocr_line' id='line_1_38' title="bbox 572 5882 804 5972; baseline 0.009 -24"><span class='ocrx_word' id='word_1_326' title='bbox 572 5884 621 5963; x_wconf 43' lang='lat' dir='ltr'>,In</span> <span class='ocrx_word' id='word_1_327' title='bbox 636 5884 730 5972; x_wconf 85' lang='lat' dir='ltr'>cujus</span> <span class='ocrx_word' id='word_1_328' title='bbox 745 5882 804 5950; x_wconf 77' lang='lat' dir='ltr'>dcc.</span> 
     </span>
    </p>
   </div>
   <div class='ocr_carea' id='block_1_17' title="bbox 0 0 2511 7044">
    <p class='ocr_par' dir='ltr' id='par_1_17' title="bbox 0 0 2511 7044">
     <span class='ocr_line' id='line_1_39' title="bbox 0 0 2511 7044; baseline 0 0"><span class='ocrx_word' id='word_1_329' title='bbox 0 0 2511 7044; x_wconf 95' lang='lat' dir='ltr'> </span> 
     </span>
    </p>
   </div>
  </div>
 </body>
</html>
