5000 7050
1159 1062 1380 1131 NORFOLK

639 1350 794 1415 Ecclesia.
1668 1349 1757 1414 valet
1771 1369 1979 1435 perannum.

552 1461 665 1526 Sancti
686 1464 799 1527 Jacohi
820 1465 915 1550 juxta
937 1472 972 1527 et
993 1467 1079 1529 inira
1100 1472 1209 1550 portas
1231 1467 1318 1529 dicte
1335 1467 1480 1530 civitatis
1497 1471 1624 1528 vocatas

510 1549 693 1634 Barreyatis
708 1552 862 1634 adquam
879 1552 1047 1615 ecclesiam
1071 1559 1140 1615 tam
1162 1554 1310 1616 homines
1332 1559 1568 1616 commorantes
1587 1555 1622 1615 in

510 1638 662 1700 suburbio
681 1639 768 1701 dicte
782 1640 926 1701 civitatis
940 1646 1031 1702 extra
1045 1641 1168 1702 dictam
1189 1647 1315 1722 portam
1339 1643 1373 1702 in
1397 1641 1536 1723 quodam
1552 1643 1622 1703 vico

509 1732 623 1788 vocato
633 1725 818 1809 Pokethorp
828 1733 906 1789 sunt
919 1726 1106 1810 parochiani
1121 1735 1156 1790 et
1170 1727 1258 1790 dicte
1274 1727 1407 1790 ecclesie
1422 1729 1622 1810 pertinentes

509 1833 607 1897 quam
621 1811 769 1876 homines
783 1821 1018 1877 commorantes
1032 1815 1067 1876 in
1083 1816 1219 1877 civitate
1233 1815 1380 1898 predicta
1396 1814 1481 1878 inira
1493 1819 1622 1899 portam

509 1901 690 1983 predictam
716 1900 869 1965 similiter
895 1909 971 1965 sunt
997 1901 1184 1984 parochiani
1211 1913 1245 1966 et
1260 1902 1345 1966 dicte
1360 1902 1494 1966 ecclesie
1511 1901 1623 1966 Sancti

508 1987 531 2050 J
531 1988 622 2051 acobi
636 1989 838 2072 pertinentes
896 2025 1622 2046 ········

552 2125 697 2188 Ecclesia
711 2125 823 2189 Sancti
836 2125 932 2189 Pauli
947 2126 981 2188 in
997 2127 1068 2189 vico
1083 2131 1194 2190 vocato
1218 2127 1413 2211 Spitillonde
1438 2128 1473 2189 in
1488 2127 1622 2189 civitate

509 2218 544 2276 et
559 2212 600 2276 de
616 2213 752 2277 civitate
767 2214 913 2296 predicta
1418 2219 1421 2226 '

553 2351 599 2416 Et
612 2353 747 2435 insuper
760 2352 877 2415 dicunt
891 2351 978 2435 quod
992 2373 1045 2415 :—

554 2489 718 2554 Johanncs
747 2490 920 2554 Alderford
949 2491 990 2554 de
1020 2491 1167 2554 Norwico
1197 2495 1289 2555 tenet
1316 2489 1488 2554 dimidiam
1513 2493 1637 2572 partem
1660 2489 1686 2574 j.
1710 2489 1734 2552 f.
1759 2509 1804 2553 m.
1830 2491 1900 2551 tam
1929 2487 2020 2550 inira

510 2579 678 2640 civitatem
692 2578 872 2661 predictam
887 2599 985 2662 quam
1000 2579 1086 2642 infra
1100 2579 1256 2642 suburbia
1279 2578 1425 2663 ejusdem
1447 2577 1590 2640 civitatis
1614 2576 1768 2639 videlicet
1793 2576 1828 2638 in
1853 2573 2020 2638 suburbiis

511 2670 602 2728 extra
625 2676 752 2748 portam
776 2665 919 2748 ejusdem
946 2667 1089 2729 civitatis
1118 2674 1265 2728 vocatam
1297 2665 1549 2748 tloslanyeyatis‚
1579 2663 1682 2747 Seynt
1703 2665 1960 2746 Austynesyatis,
1982 2667 2019 2724 et

512 2751 754 2837 Fibriggeyatis
765 2753 954 2830 inmediate‚
966 2754 1005 2815 de
1019 2753 1137 2836 quibus
1151 2753 1286 2836 quidem
1301 2753 1455 2816 subsidiis
1470 2759 1539 2814 tam
1554 2748 1780 2835 parochiarum
1794 2749 2019 2832 predictarum

511 2860 609 2922 quam
623 2840 708 2902 dicta
722 2841 857 2903 dimidie
872 2841 975 2923 partis
990 2843 1013 2906 f.
1030 2863 1075 2906 m.
1091 2841 1233 2923 predicti
1249 2840 1435 2908 collectores
1451 2840 1585 2902 domino
1600 2839 1670 2923 regi
1686 2841 1763 2902 sunt
1777 2836 1970 2920 responsuri.

555 2976 600 3038 Et
618 2977 755 3040 ulterius
780 2977 893 3040 dicunt
913 2977 998 3061 quod
1019 2999 1079 3041 nec
1102 2980 1136 3042 in
1159 2979 1293 3041 civitate
1308 2978 1453 3062 predicta
1468 2997 1528 3040 nec
1542 2976 1576 3038 in
1593 2975 1755 3040 suburbiis
1770 2973 1915 3058 ejusdem
1929 2973 2020 3037 inira

512 3063 651 3128 wardam
675 3064 854 3146 predictam
876 3070 952 3128 sunt
974 3065 1082 3146 plures
1104 3065 1238 3129 ecclesie
1264 3064 1463 3149 parochiales
1487 3084 1546 3128 nec
1569 3065 1605 3126 in
1630 3063 1718 3126 dicta
1738 3062 1885 3150 civitate¹
1899 3081 1958 3124 nec
1980 3062 2018 3124 in

512 3150 675 3214 suburbiis
700 3150 847 3235 ejusdem
872 3157 923 3215 est
944 3152 1055 3236 aliqua
1078 3171 1214 3236 persona
1236 3153 1472 3236 possessionata
1487 3153 1528 3214 de
1543 3153 1638 3214 terris
1653 3170 1713 3213 nec
1727 3149 1938 3226 tenementis,
1952 3169 2019 3233 que

512 3242 627 3302 tenent
650 3258 706 3321 per
730 3240 902 3302 servicium
925 3239 1069 3303 militare
1094 3261 1150 3323 per
1176 3240 1321 3322 aliquam
1335 3246 1461 3323 partem
1477 3239 1564 3303 feodi
1580 3239 1697 3301 militis
1710 3242 1820 3321 preter
1833 3236 2019 3300 iohannem

512 3323 683 3388 Alderiord
696 3326 891 3409 pradictum.

557 3460 597 3526 In
633 3461 728 3547 cujus
763 3463 813 3527 rei
851 3462 1077 3528 testimonium
1108 3465 1246 3549 predicti
1278 3463 1442 3548 juratores
1478 3461 1556 3527 huic
1584 3462 1793 3547 inquisicioni
1822 3460 1931 3547 sigilla
1959 3481 2021 3526 sua

513 3556 744 3635 apposuerunt.
791 3551 916 3617 Datum
933 3552 968 3615 in
984 3554 1117 3617 civitate
1132 3552 1280 3636 predicta
1294 3552 1347 3616 die
1362 3559 1395 3617 et
1410 3571 1496 3616 anno
1512 3552 1718 3635 supradictis.

1068 3766 1194 3831 Wsaus
1216 3786 1260 3831 oa
1284 3765 1462 3832 WYMER.

560 3902 739 3985 Inquisicio
754 3903 898 3985 captain
914 3902 1050 3965 civitate
1064 3901 1205 3966 Norwici
1220 3902 1275 3966 die
1290 3902 1380 3966 Lune
1396 3902 1543 3987 proxima
1566 3908 1644 3965 ante
1668 3902 1789 3965 festum
1812 3902 2020 3967 Ascensionis

514 3989 647 4052 Domini
670 4009 756 4051 anno
779 3990 873 4073 regni
899 3989 987 4072 regis
1012 3990 1149 4052 Henrici
1175 3992 1260 4053 sexti
1289 3996 1363 4073 post
1393 3993 1605 4073 conquestum
1636 3994 1727 4052 sexto
1756 4008 1864 4053 coram
1894 3990 2020 4055 Thoma

515 4074 657 4162 Ingham
671 4082 705 4140 et
720 4075 742 4139 J
743 4074 868 4139 ohanne
882 4076 1052 4140 Alderiord
1067 4077 1294 4141 collectoribus
1309 4075 1367 4144 dcc.
1385 4098 1440 4160 per
1461 4076 1663 4141 Clementem
1678 4075 1791 4153 Rassh‚
1807 4076 2019 4140 Edmundum

514 4162 637 4242 Fuller,
663 4161 848 4227 lohannem
863 4162 969 4242 Pelet,
996 4162 1192 4228 Nicholaum
1217 4164 1321 4243 Colat,
1347 4164 1548 4228 Willelmum
1570 4162 1660 4243 Man,
1683 4161 1869 4227 Johannem
1886 4162 2019 4250 Wethy,

516 4250 695 4313 Robsrtum
733 4249 850 4333 Aleyn,
887 4248 1073 4314 Jchannem
1111 4250 1256 4330 Colman,
1281 4250 1484 4319 Willelmum
1521 4250 1690 4335 Knapton,
1725 4248 1885 4314 Thomam
1923 4250 2021 4336 Grys,

515 4334 699 4421 Johannem
715 4338 806 4419 May,
821 4336 957 4399 Petrum
973 4338 1089 4421 cher‚
1104 4338 1285 4402 Henricum
1301 4337 1411 4417 Forse,
1433 4338 1600 4402 Simonem
1621 4338 1795 4422 Aleynson,
1817 4338 2021 4405 Willelmum

516 4422 734 4507 Scherwynde
761 4429 796 4487 et
822 4423 1034 4488 Edmundum
1059 4424 1265 4505 Suetesham‚
1283 4424 1449 4509 juratores
1473 4425 1579 4489 warde
1604 4425 1645 4489 de
1668 4424 1803 4509 Wymer
1825 4426 1860 4487 in
1884 4425 2021 4491 civitate

446 4538 450 4546 ·
516 4511 663 4595 predicta
700 4512 756 4595 qui
795 4511 911 4574 dicunt
948 4532 1044 4595 super
1080 4520 1320 4577 sacramentum
1357 4533 1451 4576 suum
1489 4512 1576 4596 quod
1598 4514 1633 4575 in
1663 4513 1778 4577 eadem
1800 4511 1906 4575 warda
1942 4519 2021 4578 sunt

516 4598 759 4682 quatuordecim
790 4598 926 4661 ecclesie
955 4599 1155 4683 parochiales
1183 4620 1323 4685 quarum
1353 4602 1487 4664 nomina
1517 4606 1552 4663 et
1588 4600 1691 4664 annui
1727 4599 1847 4665 valores
1883 4600 2021 4665 inferius

516 4684 744 4769 specificantur
759 4685 912 4750 videlicet
925 4710 979 4752 :-

644 4846 798 4912 Ecclesia
1673 4848 1759 4913 valet
1774 4869 1832 4933 per
1847 4869 1981 4918 annum.

561 4988 675 5053 Sancti
691 4988 863 5053 Benedicti
911 5030 1634 5041 --------
1789 4989 1865 5055 xis.

561 5126 676 5190 Sancti
691 5124 853 5190 Swithuni
907 5166 1626 5177 --------
1782 5150 1865 5193 xus.

561 5265 677 5329 Sancte
691 5265 876 5350 Margarete
900 5304 1623 5316 --------
1790 5268 1865 5331 xis.

562 5402 673 5465 Sancti
687 5402 860 5465 Lanrencii
910 5440 1631 5451 --------
1788 5423 1818 5467 v.
1826 5424 1865 5466 m.

561 5540 673 5605 Sancti
687 5539 836 5625 Gregorii
912 5578 1675 5591 ---------
1790 5536 1864 5625 vj.l.

561 5678 673 5743 Sancti
687 5674 846 5742 Johannis
861 5675 901 5739 de
915 5673 1157 5737 Madcrmarket
1215 5712 1634 5725 -----
1789 5696 1866 5741 nm.

560 5816 677 5881 Sancte
692 5814 801 5879 Crucis

560 5952 675 6018 Sancti
689 5951 815 6015 Andree
