5000 7050
1156 1119 1237 1186 al).
1261 1122 1356 1186 1816.

605 1389 827 1457 Haunaannu
843 1411 887 1457 na
902 1390 1207 1461 WHIPSPAPLE.
1254 1391 1436 1457 Alexander
1450 1390 1492 1455 de
1508 1389 1646 1455 Bailiolo
1661 1394 1712 1453 ast
1728 1391 1888 1455 dominus.

535 1565 626 1629 vine
653 1523 884 1593 Wnrssmna.
929 1526 1107 1600 Alexander
1120 1527 1161 1591 de
1175 1526 1324 1629 Bailiolo.

654 1612 770 1679 Busan
813 1650 828 1661 -
871 1651 885 1663 -
930 1612 1045 1679 (lomes
1058 1613 1273 1681 Glouceatne.

537 1747 664 1815 Villata
677 1751 719 1816 de
736 1752 904 1822 Bassam
947 1790 961 1802 -
1005 1752 1098 1818 Prior
1112 1752 1254 1818 Ecclesie
1270 1752 1400 1834 christi,
1417 1752 1604 1822 cantuarie.

824 2029 954 2097 Crvrraa
977 2028 1230 2099 CANPUARIE
1255 2030 1340 2096 unde
1353 2049 1410 2095 rex
1424 2035 1478 2095 est
1491 2030 1651 2095 dominus.

1018 2309 1153 2377 Lasrnu
1175 2331 1219 2375 nn
1243 2308 1486 2379 SGHIPWEY.

536 2580 759 2650 Hmrnannnu
782 2604 826 2651 nn
848 2580 1145 2654 FOLKESTANE
1161 2586 1248 2651 uude
1265 2546 1431 2651 lohannes
1445 2586 1485 2651 de
1500 2584 1640 2670 Segrare
1650 2542 1763 2673 junior
1786 2592 1821 2653 et
1846 2586 2002 2654 Ricardus

489 2670 536 2734 de
551 2669 693 2736 Bokesle
714 2677 793 2737 sunt
807 2672 942 2737 domini.

538 2889 626 2955 Ville
651 2803 869 3047 {mm}
995 2846 1160 2961 lohannes
1173 2892 1213 2958 de
1229 2893 1371 2979 Segrave
1379 2893 1504 2979 junior,
1520 2903 1556 2960 et
1570 2893 1778 2961 Ricardusde
1792 2894 1943 2965 Bokesle.

679 3001 860 3048 mm
911 3016 926 3028 .

757 3208 977 3276 chnaaanu
1000 3227 1043 3275 na
1065 3208 1202 3275 HEAN.
1248 3206 1516 3295 Archiepiseopus
1531 3214 1581 3275 est
1597 3211 1756 3275 dominus.

541 3347 836 3516 Vffle{3ffl⁰⁰⁰
858 3384 873 3396 -
918 3389 929 3400 -
974 3347 1252 3451 Arphiepiscopus.
1324 3436 1345 3451 ..

657 3434 846 3502 Posnnmoa
859 3471 874 3483 -
917 3472 932 3483 -
975 3436 1081 3500 Ahcra
1094 3435 1135 3500 de
1150 3435 1373 3502 Columbarus.

579 3660 799 3729 Hunnaannu
814 3682 858 3728 aa
875 3660 1089 3730 sarthana.
1134 3659 1294 3728 Dominus
1308 3683 1364 3726 rex
1380 3667 1415 3726 et
1429 3661 1688 3751 archiepiscopus
1703 3668 1780 3729 sunt
1793 3664 1931 3732 domini.

573 3853 580 3864 .
656 3800 799 3866 Irruaua
866 3837 876 3848 ·
943 3836 958 3848 ·
1022 3835 1037 3847 ·
1091 3799 1370 3886 Archiepiscopus.

658 3931 876 3999 ...m
942 3966 957 3978 -
1021 3887 1522 4062 lauretus.

660 4061 973 4130 Waaransoaauoaa
1023 4100 1037 4110 ·
1099 4063 1258 4128 Radnlius
1273 4062 1410 4150 Savage.
1528 4096 1531 4106 ·

656 4148 858 4217 Bouruorou
939 4186 954 4198 ·
1019 4187 1032 4197 -
1099 4151 1192 4216 Prior
1205 4151 1389 4237 Hospitalis
1405 4150 1518 4217 Sancti
1532 4151 1694 4218 lohannis
1708 4152 1901 4219 Jerusalem.

593 4399 764 4466 Dmnrnu
780 4379 990 4467 amnaanna
1006 4422 1049 4467 nn
1064 4402 1353 4471 BURGHHOLP.
1398 4403 1666 4488 archiepiscopus
1681 4410 1732 4468 ast
1747 4404 1908 4471 dominus.

542 4579 632 4644 Vino
637 4539 852 4708 {scamaros
865 4574 880 4586 ·

659 4625 799 4694 Saarna
866 4662 879 4673 -

946 4575 961 4674 ζ
978 4541 1275 4710 lhrchispiscopns.

543 4860 764 4928 Huunnannu
779 4881 823 4927 na
838 4860 1116 4933 LONYBERGH
1138 4863 1225 4928 unde
1245 4862 1508 4949 archiepiscopus
1530 4862 1784 4944 cantuariensis,
1810 4869 1847 4928 et
1871 4865 2010 4928 Juliana

497 4949 541 5012 de
557 4948 741 5054 Leyburne,
757 4954 836 5014 sunt
851 4950 989 5016 domini.

655 5084 802 5152 Eum
865 5119 881 5133 ·
945 5085 1079 5152 Juliana
1093 5088 1134 5152 de
1149 5086 1330 5171 Ieyburne.

544 5171 631 5236 Ville
656 5173 846 5239 Lruurrsoa
868 5208 882 5219 ·
948 5173 1227 5258 Archiepisoopus.

655 5261 801 5327 Aoarsa·
870 5300 881 5310 -
947 5260 1068 5347 Roysia
1082 5262 1122 5326 de
1136 5262 1332 5349 Cosyngton.

544 5505 763 5658 Ipnprnaanpnr
787 5527 834 5575 nn
859 5507 1111 5589 STOUTINGE
1146 5509 1235 5574 unde
1263 5509 1524 5596 archiepiscopus
1551 5513 1586 5573 et
1614 5509 1777 5575 Walterus
1808 5510 1848 5574 ds
1873 5510 2010 5593 Paveley

498 5613 561 5658 sun
619 5615 732 5660 onum.

655 5732 846 5801 Saournroa
890 5767 905 5779 -
971 5768 985 5778 ·
1031 5732 1196 5798 Walterus
1209 5735 1250 5798 de
1263 5734 1392 5819 Pavely.

543 5817 627 5882 Ville
651 5821 839 5888 Enuasnan
890 5856 905 5868 -
971 5859 983 5869 ·
1026 5819 1307 5907 Archiepiscopus‚
1323 5830 1357 5888 et
1380 5822 1477 5887 abhas
1494 5822 1605 5888 Sancti
1622 5824 1809 5908 Augustini.

651 5909 818 5977 Hoarorsa
892 5944 907 5956 ·
952 5925 981 5954 ’-
1027 5907 1120 5974 Prior
1133 5911 1175 5975 de
1190 5910 1329 5978 Horton.
1380 5970 1385 5981 .
