5000 7050
1033 1070 1055 1103 “
1106 1064 1200 1143 al).
1226 1066 1321 1131 1302.
1904 1072 1968 1136 409

463 1352 595 1504 HE{rior
616 1353 657 1418 do
679 1353 865 1439 Pentenoya
888 1360 925 1419 el
946 1359 1099 1419 tenentos
1121 1356 1172 1419 aui
1196 1359 1309 1420 lenoni
1328 1355 1355 1440 j.
1373 1355 1397 1420 f.
1413 1376 1457 1420 m.
1482 1356 1517 1419 in
1544 1356 1659 1423 Tuom
1685 1356 1725 1419 do
1752 1357 1894 1439 Hugone
1923 1358 1964 1421 do

546 1460 676 1527 mgges.

501 1577 666 1643 Ambilia
685 1578 728 1643 de
752 1577 870 1661 Wylrin
891 1584 926 1644 ot
949 1585 1098 1645 tenentos
1120 1581 1172 1643 aui
1194 1584 1308 1645 tonent
1331 1580 1411 1645 duas
1433 1580 1585 1665 parlasi.
1610 1602 1654 1645 m.
1679 1583 1713 1644 in
1738 1582 1825 1649 Assa
1844 1582 1963 1649 Wma

462 1662 505 1728 do
519 1663 661 1730 Radulio
674 1666 706 1729 N
707 1687 808 1751 ugun.

502 1802 624 1868 Eadem
646 1804 810 1870 Amabilia
830 1810 865 1870 et
886 1810 1034 1872 tonantes
1055 1807 1106 1871 aui
1128 1810 1245 1871 tranent
1267 1810 1417 1889 quartam
1439 1812 1566 1891 partem
1590 1808 1612 1872 l.
1637 1826 1681 1871 m.
1714 1806 1750 1870 in
1772 1807 1892 1875 Wram
1923 1808 1964 1870 de

463 1888 604 1955 Radulfo
618 1892 650 1957 lo
666 1891 785 1960 Oheno.

503 2028 596 2095 Prior
618 2031 658 2096 de
679 2032 903 2119 Massinglram
925 2037 960 2095 et
983 2036 1134 2095 tenentos
1154 2033 1205 2096 aui
1227 2036 1342 2096 tonent
1365 2037 1515 2115 quartam
1537 2016 1664 2116 parlem
1680 2032 1703 2096 f.
1720 2054 1764 2098 m.
1781 2034 1815 2096 in
1840 2034 1962 2100 Mloaa

462 2115 684 2186 Mammam
700 2120 740 2185 de
754 2121 873 2184 oomite
888 2119 1090 2184 Mareaoallo.

371 2323 377 2333 ‚
502 2253 666 2321 lohannes
685 2257 727 2323 da
748 2256 856 2341 'l'horp
878 2263 912 2324 et
935 2263 1087 2323 tenentes
1109 2257 1161 2321 sui
1182 2261 1298 2323 tenant
1315 2256 1342 2342 j.
1366 2258 1390 2322 i.
1414 2278 1458 2321 m.
1480 2258 1516 2321 in
1538 2258 1648 2324 Paravi
1670 2256 1892 2325 Maeoniam
1920 2260 1960 2322 de

461 2341 600 2409 Roborto
614 2345 685 2409 filio
698 2344 832 2431 Rogati.
1368 2364 1372 2373 '

502 2480 685 2546 Willelmua
717 2481 757 2545 de
790 2479 996 2553 Bradinham
1023 2485 1057 2547 et
1090 2486 1239 2546 tenentes
1273 2482 1324 2545 aui
1352 2485 1466 2545 tenent
1487 2488 1636 2546 ootavam
1659 2487 1787 2565 partam
1810 2484 1833 2548 f.
1857 2503 1901 2548 m.
1925 2486 1961 2546 in

459 2566 609 2635 Turum
640 2573 674 2633 ot
705 2569 922 2638 Wronrlmn
953 2569 995 2633 da
1027 2568 1145 2635 abbate
1177 2568 1218 2633 de
1250 2568 1402 2653 Wenling
1435 2568 1476 2633 ad
1509 2570 1688 2634 terminum
1722 2572 1788 2635 vita
1820 2569 1960 2655 predicti

460 2654 620 2721 willelmi
635 2655 677 2721 do
691 2658 811 2721 honoro
827 2655 1025 2721 Warrennie.

501 2793 684 2859 willelmus
706 2794 746 2859 da
778 2792 937 2872 Chervila,
971 2794 1111 2858 Thomas
1141 2792 1186 2857 ad
1216 2792 1398 2877 Grangiam
1422 2798 1457 2858 et
1489 2796 1665 2877 perornarii
1698 2816 1809 2860 eorum
1844 2800 1961 2860 tenent

459 2886 608 2945 ool-avam
623 2889 749 2967 partem
766 2884 788 2946 f.
804 2903 849 2948 m.
865 2884 899 2946 in
917 2882 1073 2949 Tuam
1087 2886 1123 2944 ot
1137 2878 1356 2948 Wromumm
1371 2880 1411 2944 de
1427 2880 1547 2945 honore
1562 2881 1762 2948 Warrennio.

499 3018 597 3105 Hugo
617 3019 706 3083 filius
728 3020 854 3105 Harvey
876 3019 916 3083 de
938 3020 1077 3104 Goytm,
1100 3017 1285 3102 Stephanus
1307 3019 1394 3085 filius
1412 3019 1570 3083 Willelmi
1591 3021 1632 3091 ¹<lo
1654 3023 1778 3100 eadem,
1795 3020 1959 3086 Johannes
2014 3088 2015 3091 ,

455 3105 533 3186 Lek,
548 3106 893 3192 Rogomabraueiurt,
908 3108 1040 3172 heredes
1054 3107 1172 3190 Rogeri
1187 3107 1217 3170 le
1233 3105 1324 3183 Bola,
1339 3107 1493 3171 Ricardua
1508 3108 1548 3171 de
1565 3108 1764 3193 Ringestodo
1779 3114 1815 3173 er
1829 3110 1958 3193 agnata

455 3193 497 3345 gg
511 3194 633 3347 mmo
639 3199 836 3347 edteucffim
851 3215 962 3260 eorum
973 3200 1086 3259 tenent
1097 3195 1142 3258 di.
1155 3192 1179 3259 f.
1194 3193 1649 3274 m.inom0a‚M1nm0r‚
1664 3196 1957 3264 Ooaaoaawraror

909 3612 1129 3680 Horoaaooa
1151 3633 1195 3679 oa
1220 3613 1513 3682 SMETHDONE.

496 3776 673 3862 Inquiaioio
686 3775 773 3840 facta
784 3775 824 3838 de
841 3775 942 3840 feodis
955 3775 1104 3840 militum
1119 3775 1154 3839 in
1169 3774 1339 3840 hundredo
1354 3775 1395 3838 de
1412 3772 1612 3840 Smethdone
1629 3795 1684 3856 per
1699 3774 1899 3839 Willelmum
1913 3777 1955 3839 do

455 3862 654 3945 Seohoforde,
671 3862 858 3927 Gilbertum
873 3863 914 3926 de
929 3863 1126 3944 Tiohewelle,
1143 3861 1303 3926 Thomam
1318 3861 1359 3927 de
1376 3861 1599 3939 Braunoestra,
1614 3863 1774 3927 Thomam
1797 3862 1953 3948 BurgeyS,

452 3949 635 4015 Johannem
670 3950 710 4014 de
745 3950 884 4034 Walpol,
922 3949 1116 4034 Gregorium
1152 3951 1192 4014 de
1232 3949 1365 4028 Hulmo,
1405 3948 1584 4014 Wallorum
1622 3949 1672 4016 de.
1700 3949 1955 4029 Soharneburne,

452 4037 654 4102 Willelmum
671 4035 787 4117 cobbo,
798 4036 935 4101 Petrum
946 4037 987 4101 de
999 4036 1107 4117 Halle,
1118 4036 1297 4101 Ranulfum
1308 4036 1431 4123 Bagge,
1440 4035 1616 4101 Ricardum
1632 4037 1730 4102 Barol
1745 4042 1779 4101 et
1794 4037 1814 4101 J
1817 4038 1954 4102 aoobum

453 4125 558 4189 filium
573 4124 671 4190 Alani
686 4125 727 4189 de
741 4123 951 4210 Dookyngge‚
967 4127 1025 4210 qui
1039 4125 1153 4189 dieunt
1169 4123 1226 4191 &o

493 4313 658 4379 Johannes
670 4314 701 4378 le
716 4313 880 4400 Straunge
895 4319 988 4380 tenel
1002 4314 1039 4400 ij.
1053 4315 1076 4378 f.
1092 4336 1137 4379 m.
1148 4317 1182 4379 in
1199 4315 1464 4382 Hunsrauasrorl
1479 4313 1521 4378 de
1537 4314 1678 4378 Roberto
1693 4315 1733 4378 de
1750 4315 1866 4379 Monte
1876 4315 1952 4378 Alto

448 4405 505 4488 qui
518 4410 567 4468 ost
582 4422 667 4468 unua
681 4403 837 4467 heredum
853 4402 894 4466 H.
909 4403 1073 4487 quondam
1087 4403 1216 4466 oomitis
1230 4402 1427 4482 Arundallie‚
1443 4403 1498 4488 qui
1513 4403 1552 4465 de
1568 4403 1700 4465 domino
1714 4423 1792 4486 rege
1809 4401 1866 4467 &o

494 4539 678 4604 willelmus
693 4538 830 4603 Baraille
844 4542 912 4620 (oio)
927 4545 961 4604 et
976 4539 1034 4603 alii
1051 4545 1198 4603 tenentos
1211 4543 1368 4604 terrarum
1386 4559 1448 4624 que
1461 4538 1593 4602 fuerunt
1604 4538 1721 4602 Emme
1736 4537 1777 4602 de
1790 4539 1955 4602 Brunham

451 4632 564 4691 tenent
578 4628 625 4694 di.
641 4626 665 4694 i.
682 4647 727 4693 m.
743 4629 779 4691 in
797 4627 919 4695 Maorm
933 4627 1150 4695 Rrraasrma
1164 4634 1199 4693 at
1213 4627 1249 4691 in
1264 4627 1367 4693 Homr
1383 4632 1424 4690 de
1439 4626 1532 4691 feodo
1547 4626 1576 4712 ej
1582 4627 1693 4690 uadem
1709 4626 1852 4692 Roberli.

492 4765 677 4834 Willelmua
690 4766 732 4830 de
748 4763 941 4831 Bukenham
956 4770 991 4830 et
1005 4766 1063 4830 alii
1076 4771 1225 4830 tenentos
1239 4771 1402 4830 terrarum
1417 4784 1478 4848 que
1500 4765 1634 4828 luerunt
1661 4765 1811 4829 Marildia
1839 4767 1954 4830 sororis

450 4853 538 4917 dioto
553 4855 670 4917 Emmo
684 4857 801 4917 tenent
816 4854 860 4920 di.
877 4853 901 4919 f.
918 4874 964 4921 m.
980 4855 1015 4916 in
1031 4853 1154 4918 eisdem
1169 4853 1267 4918 villis.

492 4991 656 5057 Johannea
681 4991 722 5056 de
746 4992 854 5075 Thorp
880 5002 916 5056 ot
937 4993 1043 5056 Alioia
1068 5012 1148 5056 uxor
1173 4993 1245 5079 ejus
1271 4996 1387 5055 tenent
1413 4997 1561 5076 quartam
1593 4998 1720 5075 partem
1746 4993 1770 5078 j.
1799 4995 1821 5056 f.
1847 5013 1891 5058 m.
1918 4994 1953 5055 in

452 5079 652 5148 Summam
666 5084 698 5143 el
714 5081 750 5142 in
765 5080 947 5148 Docarrroo
962 5082 1001 5144 de
1016 5080 1157 5144 Roberto
1173 5081 1212 5143 do
1226 5078 1412 5156 Tateahale‚
1427 5081 1484 5164 qui
1507 5087 1558 5144 eat
1581 5101 1664 5144 unus
1688 5081 1843 5145 horedum
1871 5081 1952 5144 dieti

451 5167 591 5248 comitis,
608 5167 666 5253 qui
680 5165 738 5231 &a

413 5301 416 5306 ’
491 5303 690 5391 Roginaldua
713 5304 755 5368 de
781 5303 936 5390 Calahorp
951 5311 986 5369 el
1001 5304 1157 5370 Ricardua
1172 5305 1270 5369 fralar
1286 5305 1359 5391 ojus
1373 5308 1490 5370 tenent
1505 5309 1654 5391 quartam
1671 5311 1795 5390 partem
1810 5305 1832 5371 f.
1850 5328 1894 5372 m.
1911 5307 1951 5370 de

448 5393 543 5459 {eodo
557 5393 660 5476 ipsius
675 5391 810 5456 Roberti
826 5393 865 5457 de
879 5394 991 5457 eadem
1006 5393 1148 5458 baronia.

488 5529 631 5615 Rogoms
654 5528 695 5592 de
718 5529 852 5593 Tholtes
877 5536 970 5596 tonet
993 5529 1073 5594 duas
1098 5535 1207 5615 parter
1230 5531 1253 5596 f.
1268 5530 1293 5618 j.
1310 5553 1354 5596 m.
1381 5531 1417 5592 in
1443 5527 1571 5599 Terras
1594 5532 1632 5596 de
1648 5532 1737 5596 diolo
1753 5531 1891 5596 lloberlo
1908 5533 1948 5596 de

301 5605 313 5624 ⁸
446 5617 581 5683 baronia
597 5617 639 5681 de
654 5615 834 5682 Tateahale.

488 5755 652 5819 lohannes
667 5753 778 5832 horel,
792 5753 936 5838 Rogema
952 5755 1067 5840 Ingald
1084 5760 1119 5819 eb
1134 5756 1190 5820 alii
1206 5761 1356 5821 tenentes
1382 5762 1553 5836 terrarum,
1573 5778 1636 5843 qne
1661 5756 1792 5820 luerunt
1819 5755 1951 5820 Ricardi

445 5841 485 5907 do
510 5842 713 5926 Dookyngge
727 5848 762 5906 el
775 5841 908 5907 Bioheri
923 5843 965 5906 de
979 5843 1189 5929 Iloolryngge,
1207 5849 1320 5909 tenant
1335 5845 1416 5909 duaa
1431 5853 1540 5930 partes
1554 5847 1578 5931 j.
1594 5845 1616 5910 f.
1634 5865 1677 5910 m.
1696 5846 1729 5906 in
1746 5845 1951 5910 Docrrroaa

447 5929 488 5995 do
502 5930 591 5995 dioro
606 5929 747 5995 Roborto
760 5929 800 5993 do
814 5929 927 5996 eadem
944 5931 1086 5996 baronia.
