5000 7050
1103 1087 1186 1153 ιι).
1212 1091 1309 1155 1303.
1425 1146 1433 1163 ,
1672 1058 1678 1069 ’
1890 1091 1950 1157 ιιι

498 1374 548 1437 De
561 1375 726 1440 Willelmo
748 1378 787 1441 de
802 1378 985 1461 Drexthorp
998 1381 1133 1443 tenente
1148 1377 1219 1462 viij.
1235 1382 1363 1461 portem
1373 1378 1400 1461 j.
1415 1378 1439 1443 f.
1455 1380 1490 1443 in
1508 1377 1723 1457 Dnnxnnoun,
1738 1377 1826 1461 quod
1841 1376 1953 1443 Simon

351 1488 358 1495 ·
451 1462 496 1525 de
511 1461 616 1526 Swabi
630 1465 792 1547 quondum
806 1468 927 1531 tenuit.

501 1592 682 1659 Willelmus
709 1595 918 1660 Maresonllus
944 1600 1036 1659 tenet
1060 1600 1182 1659 terrum
1209 1615 1300 1661 suum
1329 1596 1365 1659 in
1397 1596 1594 1661 Nonnnooun
1624 1600 1659 1659 et
1690 1594 1876 1675 Tuonussu,
1905 1600 1954 1659 set

451 1681 599 1744 nescitur
613 1704 671 1765 pro
685 1688 817 1767 quanto.

500 1814 549 1878 De
563 1814 732 1879 heredibus
743 1816 834 1879 Petri
846 1817 886 1880 de
899 1814 1072 1894 Goushull
1081 1816 1255 1900 Rndulpho
1266 1816 1296 1878 N
1298 1836 1473 1896 unnemon,
1482 1816 1624 1879 Waltero
1636 1816 1676 1879 de
1688 1814 1956 1901 Senyngborugh,

452 1900 606 1965 Johsnne
630 1904 671 1966 de
698 1903 774 1981 Ros,
791 1909 825 1967 et
842 1904 980 1966 Roberto
995 1903 1036 1966 de
1051 1903 1165 1967 Soures
1180 1903 1369 1968 tenentibus
1384 1904 1420 1985 ij.
1437 1903 1461 1969 f.
1478 1910 1512 1968 ob
1527 1902 1572 1968 di.
1588 1904 1624 1967 in
1640 1904 1875 1981 Kunmononm
1891 1922 1955 1987 que

451 1989 640 2053 willelmus
655 1991 863 2053 Msresosllus
879 1997 913 2055 et
927 2012 1033 2054 comes
1047 1991 1257 2054 Maresoellus
1270 1992 1432 2072 quondum
1447 1994 1635 2055 tenuerunt.

501 2119 548 2182 De
562 2120 677 2183 abbate
693 2120 732 2182 de
746 2117 911 2183 Thornton
927 2124 1059 2184 tenente
1070 2120 1098 2205 j.
1115 2120 1138 2185 f.
1154 2121 1189 2182 in
1205 2121 1455 2186 Kmnmonouu.

500 2247 550 2312 De
564 2250 679 2314 abbate
692 2250 733 2314 de
748 2249 926 2315 Neuehous
940 2256 1075 2315 tenente
1090 2251 1136 2316 di.
1152 2251 1176 2316 l.
1194 2250 1228 2314 in
1245 2250 1495 2318 Knmuononu.

500 2386 549 2450 De
576 2388 693 2453 abbate
722 2390 762 2453 de
792 2390 959 2453 Thornbon
988 2394 1124 2454 tenente
1156 2389 1200 2452 di.
1226 2390 1250 2454 f.
1282 2389 1318 2451 in
1347 2390 1597 2468 lhnniuononm
1628 2389 1714 2472 quod
1744 2388 1888 2473 Rogems
1906 2384 1957 2452 'de
2053 2370 2056 2379 ¹

451 2474 654 2560 Cotinghsm
669 2484 704 2539 et
721 2478 903 2541 Willelmus
916 2476 1039 2541 Berner
1053 2477 1217 2562 quondum
1231 2483 1416 2541 tenuerunt.

501 2611 550 2675 De
573 2611 691 2676 herede
717 2611 881 2698 Redulphi
897 2616 938 2676 de
954 2612 1104 2677 Goushul
1119 2617 1254 2677 tenente
1267 2613 1317 2697 iij.
1334 2618 1459 2696 partem
1472 2612 1499 2695 j.
1517 2613 1539 2679 f.
1554 2613 1590 2675 in
1606 2612 1856 2694 K1nn1uo110nu,
1872 2614 1957 2697 quod

453 2699 646 2783 deulphus
661 2701 700 2764 de
716 2700 864 2765 Gonshul
879 2702 1042 2785 quondum
1057 2702 1176 2766 tenuit.

501 2835 683 2922 Stephanus
698 2838 740 2900 de
756 2838 886 2922 Kyleby
902 2844 995 2902 tenet
1010 2846 1128 2902 terram
1144 2858 1234 2901 suam
1261 2838 1296 2901 in
1323 2838 1458 2902 Kunnsu
1482 2837 1523 2901 de
1548 2839 1668 2901 comite
1693 2837 1895 2917 Maresoallo‚
1910 2845 1958 2901 set

453 2929 601 2987 nescitur
615 2946 672 3008 pro
687 2935 821 3008 quanto.

501 3061 549 3123 De
564 3059 712 3125 Johanne
726 3063 767 3125 de
780 3062 948 3146 Theuelby
963 3067 1100 3127 tenente
1115 3062 1171 3145 vij.
1189 3065 1295 3146 partes
1306 3060 1334 3145 j.
1349 3062 1374 3125 f.
1391 3062 1425 3123 in
1444 3061 1600 3137 Samoou,
1614 3062 1701 3146 quod
1716 3060 1828 3125 Simon
1850 3061 1967 3126 lever·

453 3149 620 3233 quondam
635 3151 754 3215 tenuit.

502 3286 551 3349 De
566 3285 714 3350 Johnnne
728 3286 768 3349 de
784 3285 868 3348 Halo
884 3288 1019 3354 tenente
1034 3285 1096 3369 iiij.
1113 3291 1239 3368 partem
1256 3306 1311 3350 un.
1327 3284 1350 3351 f.
1367 3286 1401 3349 in
1418 3285 1654 3365 Nonnnnnons,
1676 3286 1762 3369 quod
1784 3284 1897 3351 Simon
1921 3287 1961 3351 de

454 3374 544 3437 Hele
559 3375 721 3456 quondam
738 3374 856 3438 tenuit.

503 3510 553 3575 De
578 3509 726 3576 Johsnne
750 3510 856 3577 Oobbe
880 3515 1014 3576 tenente
1039 3508 1080 3594 vj.
1105 3514 1231 3594 pmtem
1254 3508 1282 3594 j.
1309 3508 1332 3574 f.
1356 3529 1401 3574 m.
1425 3510 1460 3572 in
1487 3466 1659 3590 Onnum,
1688 3509 1774 3594 quod
1803 3477 1894 3575 serlo
1918 3511 1960 3575 de

454 3599 609 3664 Clethem
623 3600 784 3684 quondum
799 3600 918 3664 tenuit.

503 3739 554 3801 De
572 3736 702 3801 Simone
717 3739 757 3800 de
773 3736 910 3819 Segreve
924 3736 1060 3799 tenente
1074 3734 1136 3819 iiij.
1152 3739 1279 3818 partem
1294 3734 1318 3820 j.
1336 3733 1359 3799 f.
1376 3734 1411 3797 in
1428 3734 1611 3814 Tuusunnn,
1625 3733 1712 3819 quod
1728 3733 1894 3800 Gilberbus
1919 3736 1962 3799 de

457 3827 601 3912 Segrave
617 3825 780 3909 quondam
795 3825 915 3888 tenuit.

910 4004 1024 4126 Fnous
1046 4059 1283 4126 WILLELMI
1306 4078 1350 4124 nn
1373 4057 1524 4125 VESOY.

505 4202 555 4264 De
583 4199 727 4283 capitulo
756 4198 924 4261 Linoolnie
953 4199 1087 4284 tenente
1116 4197 1196 4282 xxij.
1222 4200 1349 4278 partem
1374 4193 1403 4277 j.
1430 4194 1454 4260 f.
1478 4193 1562 4278 quod
1589 4193 1773 4260 willelmus
1798 4193 1963 4260 Plokevile

457 4289 625 4376 quondam
641 4287 751 4349 tenuit
765 4288 802 4346 in
818 4286 1011 4350 Tuusnneu.

507 4426 556 4489 De
581 4423 728 4488 Johnune
752 4422 792 4485 de
819 4421 971 4503 Herdeby
995 4424 1131 4482 tenente
1157 4419 1181 4505 j.
1196 4421 1219 4484 f.
1244 4428 1379 4502 excepto
1403 4417 1467 4502 xxj.
1483 4421 1577 4500 parte
1601 4418 1635 4480 in
1660 4417 1853 4496 Telonnum,
1878 4420 1964 4502 quod

461 4513 648 4576 Willelmus
663 4512 704 4576 de
718 4509 884 4572 Plokevile
899 4503 1060 4593 quondam
1077 4506 1197 4572 tenuit.

508 4649 558 4715 De
569 4648 735 4710 Willelmo
750 4647 781 4709 le
796 4645 942 4708 Lubimer
955 4647 1089 4707 tenente
1104 4642 1238 4706 terciam
1254 4645 1379 4726 portem
1395 4661 1451 4705 un.
1463 4640 1488 4707 f.
1500 4641 1590 4706 min
1602 4641 1792 4720 Hnmunou,
1802 4643 1964 4726 Οιιιιοιιι,

461 4740 630 4813 ansnou,
647 4736 865 4808 Nouumnou,
881 4732 1034 4808 S1ossoc,
1048 4737 1083 4794 et
1098 4730 1237 4793 dimidio
1252 4729 1457 4807 Ammoniou,
1470 4728 1557 4812 quod
1572 4728 1758 4794 Willelmus
1772 4729 1803 4792 le
1819 4732 1965 4796 lntimer

349 4823 352 4828 ’
460 4825 628 4910 quondum
644 4823 763 4886 tenuit.

510 4959 721 5112 DetJohanne
736 4958 871 5027 Colman
885 4957 1018 5018 tenente
1032 4954 1057 5039 j.
1070 4953 1094 5018 f.
1111 4973 1155 5017 m.
1170 4954 1204 5015 in
1222 4953 1388 5030 chunone,
1400 4951 1488 5034 quod
1502 4951 1612 5016 dicbus
1626 4951 1790 5017 lohannes
1804 4956 1965 5037 quondum

463 5050 560 5116 tenui
579 5098 587 5114 .

511 5188 560 5253 De
574 5183 740 5249 Willelmo
765 5183 805 5244 de
831 5180 1034 5242 Normonhon
1057 5180 1193 5240 tenente
1212 5175 1242 5259 j.
1259 5177 1282 5240 f.
1298 5196 1343 5240 m.
1359 5176 1394 5238 in
1422 5176 1637 5256 Nonununou,
1659 5139 1751 5260 ¹quod
1777 5178 1967 5265 Rodulphus

463 5276 554 5340 filius
568 5274 589 5337 J
591 5272 726 5337 ohannis
740 5269 903 5353 quondam
917 5266 1036 5332 tenuit.

512 5411 562 5474 De
576 5410 719 5474 Waltero
734 5408 774 5470 de
790 5405 961 5489 Bilingeye
975 5406 1109 5468 tenente
1124 5400 1175 5488 iij.
1191 5404 1301 5485 portes
1315 5400 1341 5488 j.
1366 5401 1391 5466 f.
1416 5400 1451 5463 in
1475 5401 1633 5479 Wunusu,
1656 5403 1742 5485 quod
1766 5402 1903 5467 Jolnnus
1928 5405 1968 5469 de

468 5500 627 5562 Evermue
641 5496 807 5582 quondum
823 5494 942 5556 tenuit.

512 5635 678 5785 Dedpriore
694 5633 734 5695 de
750 5630 877 5693 Malbou
892 5632 1026 5692 tenente
1040 5625 1105 5711 iiij.
1119 5629 1246 5708 purtem
1261 5625 1285 5710 j.
1300 5624 1324 5690 f.
1338 5625 1373 5688 in
1385 5624 1640 5708 Wunusu‚quod
1655 5625 1819 5708 predictus
1833 5626 1855 5690 J
1856 5626 1968 5691 olenus

466 5743 556 5809 quon
579 5743 632 5784 am
647 5720 767 5784 tenuit.
1564 5743 1567 5750 ¹
1789 5749 1792 5758 ·

443 5875 448 5888 ·
512 5861 561 5925 De
575 5859 720 5922 Henrioo
735 5857 775 5919 de
791 5854 904 5942 Longo
918 5851 1040 5935 Campo
1054 5853 1188 5916 tenente
1202 5849 1248 5915 di.
1264 5849 1288 5912 f.
1304 5869 1349 5913 m.
1365 5846 1400 5910 in
1417 5847 1581 5926 boosson,
1596 5849 1683 5935 quod
1699 5848 1845 5938 Rogems
1871 5847 1968 5912 Burle

467 5945 768 6036 quondamtenmt.
1445 5977 1446 5982 κ
