5000 7050
537 1081 602 1147 212
1188 1081 1395 1151 LINGOLN.

582 1373 761 1438 willelmus
786 1364 906 1459 Disney
930 1380 1021 1440 tansi
1045 1375 1070 1462 j.
1086 1375 1109 1442 i.
1123 1396 1187 1463 ιιι).
1203 1381 1331 1460 partem
1349 1381 1406 1460 (at)
1425 1377 1490 1464 xvj.
1508 1382 1635 1464 partem
1650 1397 1705 1444 un.
1722 1378 1745 1443 f.
1762 1379 1798 1442 in
1815 1378 2032 1457 salamanna,

535 1481 597 1548 qno
611 1460 796 1526 willelmus
809 1462 922 1547 Dysny
937 1464 1100 1548 quondam
1116 1465 1238 1530 tenuit.

577 1600 670 1665 Prior
684 1601 865 1687 Hospitalis
880 1606 974 1668 tenet
988 1603 1057 1688 viij.
1074 1608 1202 1688 partem
1216 1604 1300 1668 dicti
1315 1605 1338 1670 f.
1355 1605 1391 1668 in
1406 1604 1529 1670 eadam

575 1738 669 1802 Prior
684 1737 804 1803 Sancte
819 1740 976 1805 Katsrine
990 1745 1084 1807 tenet
1097 1743 1160 1828 iiij.
1175 1747 1303 1827 partem
1321 1746 1377 1823 (et)
1395 1744 1466 1828 viij.
1484 1748 1611 1828 partem
1626 1763 1681 1809 un.
1699 1743 1722 1810 t.
1737 1701 1773 1808 in
1800 1743 1926 1823 eadam,
1952 1764 2032 1831 quas
2087 1752 2090 1760 '

533 1826 698 1909 predictus
713 1827 897 1892 Willelmus
911 1830 1029 1894 tenuit.

576 1953 684 2017 Abbas
697 1954 738 2018 de
751 1955 907 2020 Nenhous'
921 1961 1013 2021 tenet
1027 1957 1097 2043 viij.
1113 1962 1242 2041 partam
1257 1962 1291 2022 et
1304 1959 1371 2044 xvj.
1388 1963 1517 2042 partem
1532 1979 1588 2026 un.
1603 1960 1626 2024 f.
1643 1960 1677 2024 in
1693 1959 1817 2039 eadem,
1828 1971 1908 2046 quas
1923 1959 2033 2023 dietus

533 2040 718 2106 Willelnrus
732 2046 853 2110 tenuit.

576 2179 744 2246 Galiridus
759 2180 922 2247 staunton
936 2187 1029 2249 tenet
1042 2183 1094 2269 iij.
1110 2188 1219 2269 partos
1232 2189 1267 2250 et
1291 2183 1405 2272 xxviij.
1422 2189 1546 2270 partam
1570 2186 1594 2272 j.
1612 2185 1635 2252 f.
1651 2187 1686 2251 in
1711 2187 1928 2268 Bssruonnu,
1952 2206 2031 2272 quas

532 2268 717 2334 Willelmus
731 2270 771 2333 de
783 2269 946 2336 Staunton
960 2272 1081 2337 tenuit.
1585 2324 1587 2330 -

575 2406 668 2472 Prior
689 2397 870 2493 Hospitalis
891 2413 985 2473 tenet
997 2410 1068 2497 viij.
1085 2414 1212 2492 partem
1234 2414 1269 2475 et
1284 2410 1329 2476 xl.
1343 2415 1471 2494 partem
1486 2431 1541 2478 un.
1558 2411 1582 2478 f.
1599 2412 1640 2477 de
1655 2412 1800 2497 predicto
1814 2413 1838 2480 f.
1855 2414 1891 2478 in
1905 2411 2031 2490 eadem,

531 2513 629 2580 quam
644 2496 805 2579 magister
819 2497 943 2562 milicie
957 2497 1087 2582 Templi
1101 2497 1266 2583 quondam
1280 2502 1457 2563 tenuerunt
1476 2502 1559 2580 (ask).

574 2622 731 2686 Priorissa
746 2623 786 2688 de
799 2623 897 2688 Fossa
911 2627 1003 2690 tenet
1016 2625 1082 2711 xvj.
1097 2631 1225 2709 partem
1239 2646 1296 2691 un.
1313 2625 1336 2692 f.
1351 2627 1386 2689 in
1400 2626 1513 2691 eadam
1528 2626 1569 2690 de
1582 2627 1730 2712 prediolo
1744 2627 1768 2692 f.

573 2747 740 2827 lohannes
768 2749 895 2815 Psoohe
923 2755 1014 2816 tonet
1041 2751 1087 2818 di
1110 2752 1134 2818 f.
1160 2756 1296 2836 excepta
1323 2752 1369 2818 xl.
1395 2757 1489 2837 parts
1513 2755 1539 2840 j.
1564 2753 1587 2821 f.
1612 2754 1649 2818 in
1675 2755 1795 2834 Conna,
1823 2754 1908 2839 quod
1934 2753 2028 2820 heres

530 2834 690 2901 Johannis
705 2838 746 2900 ds
762 2837 939 2922 Sproxston
954 2839 1119 2924 qnondam
1133 2841 1254 2905 tonuit.

573 2962 682 3028 Abbas
696 2963 737 3027 de
752 2962 931 3029 Kirkstede
945 2963 1038 3029 tenet
1051 2964 1234 3049 predictam
1248 2963 1293 3030 ι1.
1309 2971 1439 3048 partem
1453 2965 1494 3030 de
1509 2965 1655 3049 prediolo
1670 2966 1693 3032 f.
1708 2967 1744 3029 in
1761 2965 1884 3034 eadem.

1022 3203 1138 3272 Frons
1160 3203 1182 3272 J
1183 3202 1369 3273 OHANNE
1392 3203 1537 3274 WAKE.

573 3333 662 3397 Item
675 3331 791 3397 dieunt
807 3332 959 3419 quodz-
1473 3331 1476 3338 '
1884 3384 1887 3389 .

571 3460 713 3527 Thomas
727 3460 831 3526 Wake
845 3464 936 3528 tanat
950 3461 975 3550 j.
991 3460 1016 3528 i.
1031 3461 1067 3527 in
1082 3461 1233 3542 Danaus,
1249 3461 1428 3543 Bnnonnn,
1443 3466 1478 3528 et
1496 3461 1622 3543 Srowu,
1645 3463 1730 3551 quod
1753 3461 1776 3528 J
1777 3463 1903 3529 ohanna
1928 3463 2030 3530 Waks

528 3551 692 3640 quondam
706 3551 827 3615 tenuit.

573 3677 758 3743 Willolmns
783 3677 870 3741 filius
891 3679 989 3742 Alani
1016 3683 1110 3745 tenet
1127 3678 1188 3766 xij.
1203 3683 1332 3763 partam
1357 3697 1414 3745 uu.
1431 3678 1455 3745 f.
1470 3680 1506 3743 in
1522 3679 1739 3761 Homeros,
1754 3700 1852 3768 quam
1867 3679 2030 3746 Johannos

528 3764 616 3831 filins
630 3766 730 3831 Alani
742 3766 904 3853 qnondam
919 3768 1042 3833 tenuit.

571 3895 664 3961 Prior
685 3896 868 3981 Hospitalis
894 3894 1007 3963 Sancti
1031 3896 1192 3962 Johannis
1214 3901 1308 3963 tenet
1332 3896 1391 3987 xij.
1407 3902 1537 3982 partem
1561 3898 1587 3988 j.
1604 3898 1627 3965 f.
1650 3898 1689 3965 de
1712 3896 1860 3985 prodiero
1885 3900 1908 3968 f.
1931 3920 2029 3989 qnam

528 3985 685 4069 magister
697 3984 821 4049 milicie
835 3985 966 4069 Templi
980 3984 1145 4072 qnondam
1159 3986 1282 4053 tenuit.

571 4114 665 4180 Prior
678 4113 797 4181 Sancto
812 4114 969 4181 Katerine
985 4119 1080 4180 tenet
1092 4114 1160 4202 xvj.'
1172 4120 1300 4200 partam
1315 4134 1370 4182 un.
1386 4115 1410 4180 i.
1426 4115 1468 4180 do
1482 4116 1627 4200 prediolo
1643 4116 1665 4182 f.
1680 4115 1716 4181 in
1727 4116 1854 4228 podem.

571 4240 771 4309 (¹)Robertns
785 4241 1042 4327 Ghaumberleyn
1058 4246 1150 4307 tanet
1162 4243 1222 4329 xij.
1238 4246 1366 4327 partem
1380 4242 1406 4328 j.
1423 4241 1447 4308 i.
1463 4244 1498 4306 in
1514 4242 1732 4324 Hsnruonors,
1753 4263 1852 4331 quam
1867 4244 2028 4314 Waltarns

529 4329 731 4397 Camerarius
746 4331 911 4418 quondam
924 4333 1045 4397 tenuit.
1507 4339 1512 4355 ¹

572 4461 797 4546 Bandowynus
826 4460 975 4545 Wasprai
1002 4466 1096 4527 tenet
1125 4462 1171 4549 xj.
1202 4467 1332 4546 partam
1361 4479 1417 4527 un.
1441 4460 1465 4528 t.
1488 4462 1525 4527 in
1555 4466 1682 4541 eudem,
1711 4482 1809 4549 qnam
1839 4464 2029 4548 liudulphus

529 4550 686 4634 Waspray
701 4548 864 4635 qnondam
879 4549 1000 4616 tenuit,

569 4678 663 4745 Prior
677 4676 795 4741 Sancto
810 4676 966 4742 Katerine
981 4680 1073 4741 tanet
1088 4677 1185 4764 xxxij.
1200 4683 1329 4762 partem
1344 4678 1386 4742 de
1400 4677 1544 4761 predicto
1558 4676 1582 4743 f.
1600 4678 1635 4740 in
1649 4677 1773 4744 eadem.

571 4808 746 4893 Gregorius
759 4806 836 4872 Aula
849 4810 944 4873 tenet
958 4829 1009 4873 ιι.
1025 4811 1153 4891 partem
1167 4810 1193 4895 j.
1210 4807 1234 4874 f.
1250 4810 1286 4871 in
1302 4806 1471 4871 hundredo
1485 4806 1527 4871 de
1553 4806 1672 4887 Brune,
1696 4826 1794 4891 qnam
1817 4807 1918 4893 Hngo
1939 4809 2027 4875 filins

527 4896 678 4961 Alveredi
693 4896 858 4982 quondam
871 4896 989 4961 tenuit.

430 5044 436 5054 ·
568 5023 686 5088 Jooeus
700 5021 742 5086 de
756 5020 832 5105 Dyk
847 5024 939 5086 tanet
952 5021 1010 5108 xij.
1027 5028 1154 5107 partem
1167 5021 1192 5107 j.
1208 5020 1230 5087 s.
1246 5022 1281 5084 in
1297 5019 1467 5085 hundredo
1482 5021 1637 5106 predicto,
1652 5042 1751 5108 quam
1766 5022 1885 5088 Jooeus
1908 5023 2025 5091 Russel

527 5110 691 5199 quondam
705 5110 849 5175 tenuit·
927 5130 931 5135 ’

568 5237 629 5302 Ida
643 5238 711 5301 filia
726 5235 887 5301 Johannis
901 5241 996 5301 tenet
1009 5258 1060 5303 ιι.
1076 5241 1203 5320 partem
1216 5234 1242 5320 j.
1255 5234 1278 5302 l.
1289 5238 1325 5300 in
1339 5237 1464 5317 eadem,
1475 5257 1572 5321 quam
1588 5234 1758 5301 Johannes
1774 5236 1860 5301 filius
1876 5238 2026 5325 Hugonis

526 5326 689 5413 quondam
703 5326 824 5390 tenuit.
1189 5370 1195 5379 ·

568 5452 729 5517 Robertus
743 5450 784 5516 de
798 5450 915 5517 colvill
927 5456 1020 5516 tenet
1030 5470 1087 5517 nn.
1098 5451 1121 5517 f.
1132 5453 1167 5516 in
1178 5452 1343 5521 Huouunr
1352 5458 1385 5517 st
1397 5452 1654 5533 Rnarruonans,
1667 5472 1765 5540 quam
1780 5456 1848 5535 (sic)
1860 5452 1882 5519 J
1883 5453 2026 5521 ohannes

526 5539 660 5605 Goband
675 5540 839 5627 quondam
854 5539 975 5607 tenuit.

566 5668 659 5735 Prior
673 5669 716 5736 ds
730 5668 991 5756 Sempryngham
1005 5673 1095 5735 tenet
1109 5670 1155 5736 di.
1171 5671 1196 5737 i.
1211 5676 1346 5756 excepta
1360 5669 1418 5757 xij.
1433 5674 1527 5756 parte
1542 5671 1577 5734 in
1592 5670 1754 5739 Lonsrou
1769 5675 1803 5735 et
1819 5672 2002 5741 Asnannnr.
2128 5734 2131 5741 .

564 5799 669 5864 Adam
683 5799 724 5865 de
738 5796 890 5884 Loghton
904 5802 996 5863 tonet
1010 5799 1068 5886 xij.
1084 5806 1212 5885 partam
1226 5802 1307 5867 dieti
1323 5803 1348 5870 f.
1363 5803 1399 5867 in
1414 5802 1538 5867 eisdem
1554 5800 1654 5867 villis.

713 5966 742 6035 (¹)
754 5968 816 6020 Tuis
827 5968 880 6018 aad
892 5968 1132 6035 thesoltowinpflva
1140 5970 1232 6023 eur-rm
1243 5985 1288 6023 ore
1299 5984 1363 6023 mere
1374 5970 1519 6034 repetitions
1525 5970 1597 6033 Jrom
1608 5970 1649 6021 tiu
1660 5968 1711 6021 Aia
1722 5970 1753 6029 ot
1762 5970 1835 6023 1³0³.
