5000 7050
1104 1079 1188 1146 ab.
1213 1081 1309 1146 1428.
1901 1084 1963 1148 593

496 1365 658 1429 Henricus
681 1365 824 1451 Inglcsc,
838 1365 946 1445 miles,
961 1370 1053 1431 tenet
1075 1365 1109 1430 in
1129 1346 1339 1431 ’Krannsrou
1366 1370 1399 1429 et
1415 1365 1667 1432 Tmunnrnonn
1681 1365 1816 1429 terciam
1832 1369 1956 1449 partem

444 1451 474 1535 j.
491 1452 515 1519 f.
532 1475 577 1518 nr.
593 1454 772 1518 inmediate
787 1454 828 1518 de
843 1454 982 1540 Hugone
997 1453 1188 1538 Burgelicn‚
1202 1472 1267 1538 quc
1282 1473 1387 1536 nuper
1401 1453 1467 1516 tuit
1483 1454 1641 1520 Willelmi
1658 1450 1822 1536 Celthorp.

495 1588 647 1668 Thomas,
669 1591 820 1656 dominus
843 1592 875 1654 le
902 1592 996 1669 Boos,
1020 1597 1113 1656 tenet
1135 1593 1171 1656 in
1187 1593 1349 1658 Hscsonn
1374 1590 1418 1655 di.
1438 1589 1461 1653 i.
1478 1611 1523 1656 m.
1541 1590 1721 1654 inmediate
1737 1591 1776 1653 de
1792 1591 1958 1658 Willelmo
2067 1641 2070 1648 .

451 1674 614 1760 Oelthcrp,
629 1680 716 1762 quod
730 1700 835 1763 nuper
848 1679 914 1743 fuit
928 1679 1062 1745 domine
1078 1679 1175 1744 Roos.

495 1806 586 1872 Idem
601 1807 753 1887 Thomas,
767 1810 918 1875 dominus
932 1811 963 1874 le
977 1811 1075 1889 Boos,
1087 1816 1177 1875 tenet
1192 1812 1227 1873 in
1239 1811 1459 1892 Qwrrnwnnu
1469 1809 1497 1894 j.
1512 1809 1534 1875 s.
1548 1831 1594 1876 m.
1606 1816 1640 1873 et
1655 1811 1700 1876 di.
1713 1811 1890 1875 inmediate
1913 1812 1952 1874 de

450 1893 577 1981 Rogerc
591 1895 735 1981 Geneye‚
749 1899 836 1981 quod
851 1914 954 1982 nuper
970 1899 1037 1962 fuit
1051 1900 1184 1962 domine
1199 1901 1231 1962 le
1248 1903 1345 1964 ttoos.

494 2031 660 2097 Jchannes
668 2033 854 2098 Gamheron
864 2038 954 2098 tenet
963 2037 999 2098 in
1009 2035 1222 2117 Quurnwann
1231 2033 1313 2100 di.f.
1324 2055 1369 2100 m.
1377 2035 1554 2098 inmediate
1563 2033 1603 2097 de
1613 2035 1731 2098 comite
1742 2034 1957 2111 Gloucestrie‚

450 2119 537 2202 quod
551 2139 654 2203 nuper
668 2121 734 2185 fuit
748 2121 907 2189 Willelmi
922 2122 1115 2206 Quythwelt.

496 2256 655 2320 Henricus
679 2257 819 2343 Inglcee‚
846 2259 951 2339 miles,
977 2264 1068 2323 tenet
1092 2261 1126 2322 in
1150 2258 1427 2326 Hmsrrtououn
1438 2259 1465 2344 j.
1481 2259 1504 2323 i.
1522 2281 1566 2324 m.
1583 2259 1765 2323 inmediate
1779 2257 1818 2322 de
1835 2259 1956 2323 comite

452 2341 664 2424 Glcucestrie,
680 2346 766 2429 quod
781 2367 886 2430 nuper
900 2345 965 2410 fuit
980 2346 1100 2431 Bogeri
1116 2345 1260 2430 Gensye.

487 2481 589 2634 lP‘rti‘dr
611 2483 653 2585 de
677 2482 791 2548 Monte
806 2482 929 2548 Gaudii
944 2489 1034 2549 tenet
1050 2486 1084 2548 in
1100 2484 1362 2552 Hsvsnrucusrs
1378 2505 1480 2548 unum
1497 2487 1701 2571 quarterium
1717 2485 1741 2551 i.
1759 2507 1804 2552 m.
1822 2507 1955 2571 proquo

452 2589 486 2633 so
501 2591 532 2634 vr
585 2590 716 2634 ecimus.

494 2706 681 2792 Margareta
705 2708 850 2792 Dawkyn
874 2714 967 2789 tenet
988 2710 1023 2773 in
1049 2710 1164 2774 eadem
1194 2713 1345 2793 quartam
1374 2717 1500 2792 partem
1530 2711 1555 2795 j.
1582 2711 1604 2775 f.
1632 2732 1676 2776 m.
1704 2711 1885 2775 immediate
1914 2712 1955 2775 de

451 2795 625 2859 heredibus
639 2795 761 2860 Thcme
776 2796 818 2860 de
833 2795 979 2877 Nafford,
996 2818 1058 2882 que
1072 2817 1177 2880 nuper
1191 2798 1257 2860 fuit
1271 2797 1292 2860 J
1294 2795 1431 2861 ohannis
1446 2797 1606 2882 Baghare.

494 2944 658 3029 Margeria
672 2943 785 3031 Geney
800 2950 892 3009 tenet
906 2946 942 3008 in
957 2946 1179 3012 Burnnnsrcn
1195 2952 1260 3009 trec
1274 2951 1384 3028 partes
1398 2945 1423 3030 j.
1440 2944 1463 3011 f.
1481 2967 1525 3012 m.
1537 2946 1715 3010 inmediate
1730 2947 1771 3010 de
1785 2944 1954 3011 heredibus

451 3031 585 3096 Roberti
599 3033 775 3111 Benehale,
791 3054 855 3118 que
869 3053 972 3118 nuper
987 3033 1120 3097 fuerunt
1136 3032 1259 3096 Thome
1275 3031 1418 3116 Geneye,
1435 3032 1562 3098 militis.

494 3183 615 3247 Eadem
639 3184 802 3268 Msrgeria
827 3189 920 3247 tenet
945 3185 979 3246 in
1008 3185 1236 3252 Susumcrou
1253 3189 1287 3248 et
1303 3185 1544 3250 Arrunnsroon
1559 3185 1604 3250 di.
1621 3185 1643 3250 i.
1660 3207 1705 3250 m.
1721 3185 1899 3249 inmediate
1915 3187 1954 3248 de

449 3267 623 3334 heredibus
637 3269 796 3334 Johannis
811 3271 975 3349 Famem,
989 3273 1077 3357 quod
1093 3291 1197 3356 nuper
1213 3272 1278 3335 init
1295 3271 1443 3335 Nicholai
1458 3272 1637 3338 Maliselee.

495 3419 641 3484 Oliverus
656 3420 770 3497 Grues,
780 3421 932 3504 armiger,
944 3424 1036 3484 tenet
1050 3421 1084 3482 in
1102 3420 1332 3487 Swnumcrou
1348 3427 1498 3506 quartum
1514 3426 1640 3505 portem
1652 3421 1680 3504 j.
1696 3422 1718 3486 f.
1732 3442 1777 3487 m.
1789 3423 1825 3485 iu
1840 3422 1952 3486 eadem

451 3506 491 3572 de
506 3509 624 3573 comite
640 3507 855 3587 Gloucestrie,
869 3528 932 3593 que
946 3528 1051 3591 nuper
1066 3508 1133 3571 fuit
1147 3505 1269 3572 Thome
1285 3507 1462 3593 Hyggelee.

492 3657 656 3723 Jchennes
684 3658 752 3724 Bee
781 3665 816 3721 et
843 3658 1021 3742 percenarii
1051 3659 1102 3720 sui
1131 3664 1246 3722 tenent
1274 3659 1310 3720 in
1340 3657 1583 3727 Wronrrtcrmr
1620 3656 1743 3725 Mrem
1779 3659 1823 3722 di.
1851 3660 1874 3725 t.
1901 3682 1947 3725 m.

450 3748 630 3811 inmediate
645 3746 686 3809 de
701 3744 871 3808 heredibus
887 3745 1052 3808 Edmundi
1067 3745 1186 3829 Thorp,
1200 3745 1287 3829 quod
1302 3765 1405 3829 nuper
1420 3746 1486 3808 init
1501 3745 1660 3812 Willelmi
1674 3746 1809 3811 Bretcn.

494 3896 670 3959 Nicholaus
685 3892 931 3979 Wychynghcm
945 3900 1039 3958 tenet
1053 3895 1089 3958 in
1104 3895 1349 3962 Wronsnonsu
1363 3896 1406 3961 di.
1424 3896 1447 3963 f.
1462 3917 1509 3961 m.
1525 3896 1704 3959 inmediate
1719 3895 1758 3960 de
1781 3895 1952 3960 heredibus

451 3985 591 4068 predicti
604 3983 782 4060 Edmundi‚
795 3982 881 4065 quod
896 4002 999 4066 nuper
1013 3982 1079 4046 fuit
1094 3980 1207 4067 Egidii
1222 3982 1329 4046 Helle.

495 4132 587 4196 idem
609 4129 786 4195 Nicholeus
810 4137 901 4193 tenet
924 4131 959 4193 in
985 4130 1099 4193 eadem
1121 4135 1271 4215 quartam
1297 4114 1422 4213 partem
1437 4132 1462 4220 j.
1479 4130 1501 4196 s.
1517 4152 1562 4197 m.
1578 4133 1759 4197 inmediate
1775 4133 1814 4199 de
1830 4134 1951 4198 comite

451 4220 665 4298 Glcucestrie,
680 4238 742 4305 que
756 4237 860 4302 nuper
874 4218 940 4281 fnit
954 4218 1094 4301 predicti
1110 4218 1223 4303 Egidii
1237 4217 1345 4281 Halte.

493 4370 634 4436 Thomas
659 4370 745 4433 filius
760 4369 917 4437 Willelmi
940 4368 981 4433 de
1008 4369 1193 4433 Middelton
1218 4374 1313 4433 tenet
1338 4370 1373 4432 in
1388 4370 1501 4433 eadem
1516 4375 1666 4453 quartam
1681 4376 1807 4454 partem
1822 4371 1849 4456 j.
1866 4372 1889 4437 f.
1906 4393 1950 4437 m.

450 4460 630 4525 inmediate
645 4458 686 4522 de
700 4460 821 4521 comite
837 4456 1038 4521 Gloucestrie
1053 4457 1138 4544 quod
1154 4477 1259 4541 nuper
1274 4456 1339 4520 fuit
1353 4455 1478 4521 Thome
1494 4457 1690 4521 Middeltcn.

492 4607 661 4675 Johannes
685 4605 834 4672 Stratton
858 4611 949 4671 tenet
974 4606 1009 4669 in
1032 4607 1178 4675 Wssrou
1203 4612 1236 4671 et
1263 4606 1447 4675 Rruonoun
1471 4611 1505 4670 et
1530 4605 1770 4674 Hammonius
1793 4606 1838 4671 di.
1861 4608 1885 4673 f.
1902 4629 1948 4673 m.

449 4697 627 4762 inmediate
640 4696 683 4759 de
696 4694 872 4772 willelmo,
889 4695 1039 4777 episcopo
1053 4693 1205 4772 Numici,
1220 4693 1307 4779 quod
1322 4714 1424 4777 nuper
1440 4692 1505 4757 fuit
1519 4692 1666 4758 Matildis
1681 4695 1826 4764 Weston.

492 4850 668 4915 Edwardns
683 4848 880 4933 Hastynges,
893 4846 996 4927 miles,
1011 4851 1102 4911 tenet
1115 4848 1151 4910 in
1165 4846 1304 4914 Ensnuo
1318 4847 1342 4936 j.
1355 4846 1377 4912 f.
1389 4868 1435 4914 m.
1447 4852 1481 4910 et
1495 4868 1599 4912 unum
1615 4850 1813 4931 quarterium
1829 4850 1853 4935 j.
1866 4850 1890 4915 s.
1901 4870 1946 4915 m.

449 4939 630 5003 inmediate
645 4936 686 5001 de
700 4936 820 4999 comite
835 4935 1047 5013 Gloucestn'e,
1062 4955 1125 5019 qne
1139 4954 1245 5017 nuper
1260 4934 1392 4999 fuerunt
1406 4934 1558 5019 Hugonis
1573 4936 1772 5021 Hcstynges.

493 5089 676 5160 Willelmus
690 5087 731 5151 de
747 5086 906 5171 Sparham
921 5093 1014 5151 tenet
1028 5090 1064 5150 in
1081 5087 1237 5155 Serenum
1264 5107 1368 5150 unum
1391 5090 1592 5173 quarterium
1613 5089 1640 5171 j.
1656 5086 1680 5151 f.
1696 5112 1741 5155 m.
1767 5091 1947 5154 inmediate

448 5181 488 5244 de
502 5179 621 5243 comite
637 5174 828 5250 Peubrokie‚
843 5196 907 5258 que
923 5194 1025 5259 nuper
1039 5175 1104 5238 fuit
1118 5176 1224 5238 Alicie
1238 5175 1279 5237 de
1295 5174 1316 5238 J
1318 5175 1498 5239 ervemuth.

491 5329 676 5398 Willelmus
697 5326 867 5405 Berdwell‚
891 5327 995 5405 miles,
1019 5331 1112 5390 tenet·
1135 5326 1171 5389 in
1195 5328 1357 5392 Benacus
1376 5324 1403 5409 j.
1420 5326 1442 5389 f.
1457 5346 1502 5389 m.
1517 5326 1696 5391 inmediate
1720 5328 1761 5392 de
1776 5328 1946 5393 heredibus

448 5419 580 5483 Roberti
595 5418 637 5479 de
652 5414 834 5494 Tateehale,
850 5416 936 5497 quod
951 5434 1055 5498 nuper
1070 5414 1137 5477 fnit
1151 5414 1318 5478 Edmundi
1334 5410 1536 5476 Pakenhem.

492 5570 691 5658 Reginaldus
706 5570 805 5653 (hay,
815 5570 920 5648 miles,
930 5576 1025 5635 tenet
1038 5573 1074 5635 in
1089 5570 1225 5637 Foxnss
1235 5569 1262 5654 j.
1275 5570 1297 5633 f.
1309 5590 1355 5637 m.
1368 5570 1547 5634 inmediate
1563 5572 1604 5635 de
1621 5574 1739 5637 comite
1756 5574 1944 5659 Brytannie,

447 5662 533 5747 quod
548 5679 652 5744 nuper
664 5658 731 5723 ruit
744 5658 873 5721 comitis
887 5656 1080 5723 Penbrokie.

490 5814 652 5884 walterus
680 5812 890 5899 Hungerford
919 5818 955 5877 et
983 5812 1150 5878 Johannes
1179 5810 1329 5895 Radclyff
1366 5814 1502 5893 milites,
1532 5820 1648 5879 tenent
1681 5816 1880 5900 conjunctim
1909 5818 1943 5880 in

447 5903 692 5970 Bunnrnononn
707 5902 731 5987 j.
749 5901 772 5968 f.
789 5921 835 5971 m.
851 5901 1031 5966 inmediate
1046 5902 1087 5965 de
1101 5922 1175 5987 rege
1190 5901 1243 5966 ic.
1262 5900 1346 5985 qnod
1361 5921 1463 5985 nuper
1478 5903 1544 5965 fuit
1557 5903 1715 5967 Jchannis
1730 5904 1865 5967 Haulee.

513 6034 595 6087 19462
1832 6038 1848 6087 2
1860 6038 1879 6087 Ρ
