5000 7050
1073 1118 1180 1227 ¹A.D‚
1203 1120 1300 1187 1431.
1902 1120 1943 1188 75

471 1405 621 1471 Thomas
635 1408 834 1495 Brylrynden
848 1408 889 1471 de
903 1408 1066 1493 Appoldre
1081 1408 1148 1473 fuit
1162 1409 1292 1473 saisitus
1308 1414 1369 1473 etc.
1394 1408 1435 1473 de
1458 1410 1554 1472 terris
1569 1412 1603 1471 et
1623 1409 1818 1473 tenementis
1842 1409 1943 1471 tentis

431 1494 468 1555 in
493 1495 717 1579 gavylkeude,
744 1498 780 1561 in
806 1498 1106 1563 Boauwaaarrnusn
1133 1502 1167 1559 et
1193 1498 1407 1563 Wnsrnnrna
1434 1496 1640 1579 supradictis,
1664 1501 1698 1560 et
1723 1498 1757 1559 iu
1774 1494 1942 1559 hundredo

434 1584 637 1665 supradicto,
651 1605 717 1668 que
733 1584 841 1648 valent
856 1591 919 1649 etc.
936 1586 1057 1671 xxvia
1074 1584 1181 1669 viij..o
1228 1584 1273 1645 Et
1286 1584 1385 1647 habet
1409 1584 1481 1667 plus
1503 1584 1582 1648 alibi
1607 1582 1698 1667 cujus
1722 1585 1942 1667 quantitatem

437 1670 505 1732 sive
519 1670 664 1735 valorem
682 1671 802 1755 prelati
812 1671 973 1756 juratores
987 1674 1148 1757 ignorant.

483 1806 651 1872 Johannes
666 1808 788 1886 Reade,
801 1830 932 1894 yoman‚
947 1810 986 1873 de
1001 1808 1159 1893 Leuharn,
1176 1821 1212 1873 et
1227 1810 1341 1872 iratres
1357 1810 1419 1887 sui,
1435 1809 1496 1873 lilii
1512 1814 1547 1873 et
1561 1808 1697 1873 heredes
1719 1809 1809 1873 Petri
1832 1808 1943 1873 Raude

439 1894 484 1959 de
507 1894 642 1977 Dorou,
667 1895 803 1961 inerunt
825 1898 1028 1981 conjunctim
1058 1898 1165 1961 scisiti
1193 1902 1257 1961 etc.
1288 1898 1328 1962 de
1357 1897 1454 1961 terris
1482 1902 1517 1961 et
1546 1898 1745 1961 tenementis
1776 1897 1878 1961 tentis
1906 1898 1943 1959 in

390 2056 396 2065 ,
440 1983 656 2067 gavyllreude,
681 1986 716 2047 in
742 1985 976 2051 Dnaacnnacn
1002 1991 1035 2047 et
1062 1986 1394 2064 Boaawsnuunnson,
1417 1985 1453 2048 in
1477 1982 1646 2048 hundredo
1672 1984 1866 2069 supradicto,
1880 2004 1944 2067 que

440 2070 552 2134 valent
566 2076 629 2135 etc.
645 2072 765 2157 xxij.
780 2072 891 2159 viijla
936 2073 982 2135 Et
996 2070 1095 2136 habet
1109 2072 1182 2155 plus
1196 2071 1287 2149 alibi,
1302 2077 1366 2137 etc.

489 2208 631 2273 Michael
668 2208 874 2293 Schakeway‚
909 2212 951 2274 de
988 2211 1138 2295 parochia
1174 2212 1215 2273 de
1253 2208 1391 2274 Berham
1429 2212 1463 2273 in
1501 2212 1658 2273 comitatu
1695 2210 1850 2292 predicto,
1880 2210 1944 2271 fuit

442 2297 575 2359 scisitus
610 2304 672 2361 etc.
709 2299 750 2361 de
787 2299 883 2361 terris
919 2304 954 2361 et
989 2300 1185 2361 tenementis
1221 2300 1322 2361 tentis
1359 2299 1395 2360 in
1424 2297 1634 2381 gavylkende,
1664 2298 1696 2359 in
1728 2296 1878 2381 parochia
1903 2297 1944 2359 de

442 2383 700 2451 Dauncunacnn
725 2386 760 2447 in
784 2384 951 2448 hundredo
975 2386 1131 2469 predicto,
1155 2408 1218 2469 que
1243 2386 1354 2449 valent
1380 2392 1443 2450 etc.
1470 2407 1534 2450 aa.
1578 2384 1622 2447 Et
1648 2385 1744 2447 habet
1767 2385 1840 2468 plus
1865 2382 1943 2447 alibi

441 2472 537 2554 cujus
550 2474 770 2556 quantitatem
789 2475 855 2535 sive
870 2473 1009 2535 valorem
1024 2474 1202 2557 supradicti
1212 2473 1370 2556 juratores
1385 2474 1544 2558 ignorant.

484 2610 622 2674 Jaoobus
638 2610 819 2694 Oxyndenn
837 2618 889 2691 (.),
904 2613 982 2675 civis
998 2619 1032 2675 et
1048 2633 1171 2675 mercer
1195 2612 1370 2689 Londonie,
1392 2613 1457 2675 fuit
1481 2612 1608 2673 saisitus
1631 2616 1692 2673 etc.
1719 2610 1758 2672 de
1785 2610 1882 2673 terris
1909 2616 1943 2672 et

439 2700 636 2761 tenementis
651 2700 716 2761 suia
731 2700 765 2761 iu
780 2699 994 2782 gavylkende,
1009 2701 1043 2761 in
1057 2700 1209 2781 parochia
1223 2700 1264 2761 de
1279 2700 1534 2765 Dauncnnucnn
1551 2699 1586 2761 in
1602 2696 1768 2760 hundredo
1789 2697 1945 2780 predicto,

442 2807 509 2869 qne
524 2786 634 2849 valent
648 2792 710 2849 etc.
727 2786 945 2872 xiij.a.ii1j..d
990 2789 1034 2850 Et
1049 2786 1145 2849 habet
1160 2787 1235 2867 plus
1249 2786 1337 2865 alibi,
1354 2786 1446 2869 cnjus
1469 2787 1687 2871 quantitatem
1713 2785 1780 2848 sive
1805 2783 1945 2847 valorem

441 2873 586 2957 predicti
597 2872 759 2957 juratores
773 2876 934 2959 ignorant.

487 3014 532 3077 ut
547 3014 662 3078 dicunt
675 3016 762 3099 quod
777 3035 888 3078 omnes
903 3020 936 3077 et
953 3016 1073 3099 singuli
1089 3021 1158 3079 tam
1173 3014 1251 3077 laici
1266 3034 1364 3097 quam
1380 3016 1564 3097 spirituales
1581 3020 1648 3094 (etc.
1664 3038 1700 3080 oe
1715 3014 1842 3099 before).

487 3153 528 3215 In
544 3152 636 3237 cujus
650 3154 698 3217 rei
712 3154 950 3231 testimonium,
966 3159 1028 3217 etc.

747 3366 983 3454 [Huuuaunua
1007 3390 1051 3434 nu
1074 3368 1307 3435 WYNGHAM
1331 3390 1370 3433 nr
1394 3364 1658 3455 pensione]

489 3506 666 3592 inquisicio
691 3505 851 3571 hundredi
877 3507 917 3570 de
932 3505 1116 3592 Wyngham
1141 3513 1173 3571 et
1197 3507 1353 3572 Prestone
1378 3508 1412 3571 in
1439 3508 1597 3572 comitatu
1612 3506 1737 3571 Kancie
1752 3514 1845 3592 capta
1860 3508 1946 3592 apud

443 3594 653 3658 Cantuariam
668 3596 721 3657 dic
735 3595 901 3672 Mercurii,
915 3615 999 3657 anuo
1013 3597 1105 3677 regni
1129 3597 1215 3680 regis
1238 3597 1371 3658 Henrici
1398 3598 1480 3659 sexti
1504 3596 1642 3672 decim0,
1667 3615 1773 3658 coram
1798 3593 1947 3659 Johanne

444 3683 581 3760 Pecche,
603 3683 723 3759 milite,
744 3689 778 3745 et
792 3683 886 3746 sociis
900 3684 975 3758 suis,
985 3681 1177 3766 justiciariis
1192 3684 1315 3746 domini
1330 3684 1424 3768 regis,
1440 3684 1480 3746 de
1496 3683 1628 3746 diversis
1644 3688 1678 3745 et
1693 3685 1788 3746 certis
1802 3683 1947 3746 articulis

443 3771 480 3832 in
495 3771 601 3832 literis
615 3769 697 3832 dict-i
712 3769 837 3833 domini
852 3771 948 3854 regis,
962 3769 1002 3832 de
1026 3769 1159 3832 diversis
1180 3776 1214 3832 et
1237 3771 1334 3833 certis
1357 3771 1502 3834 articulis
1527 3772 1560 3832 iu
1588 3770 1691 3832 literis
1717 3771 1798 3832 dicti
1823 3770 1947 3832 domini

445 3855 1948 4028 {littitttttsdsstntttttllt”ttatlefttttlttlitttifithllt?

447 4031 578 4095 Ricardi
604 4030 803 4114 lldhalgate,
829 4030 985 4093 Willelmi
1011 4028 1240 4116 Cherchegate,
1267 4029 1390 4096 Thome
1417 4031 1587 4114 Tropham,
1612 4031 1745 4093 Roberti
1768 4031 1945 4108 Moserede,

447 4119 571 4183 Thome
601 4118 784 4202 Offyntonc,
811 4124 845 4181 et
870 4117 1029 4182 Johannis
1058 4117 1289 4203 (lherchegate,
1315 4119 1498 4203 juratorum
1528 4117 1686 4182 hundredi
1710 4119 1859 4201 predicti,
1889 4121 1945 4202 qui

448 4208 562 4270 dicunt
586 4227 644 4290 per
666 4212 902 4270 sacramentum
927 4226 1022 4268 suum
1049 4205 1134 4288 quod
1161 4207 1215 4268 die
1241 4205 1382 4272 Veneris
1410 4207 1556 4290 proximo
1581 4210 1657 4268 ante
1687 4204 1807 4268 festum
1835 4205 1946 4269 Sancti

448 4294 591 4372 Hillarfi,
605 4293 767 4377 Episcopi,
784 4313 868 4356 anno
882 4294 974 4377 regni
989 4294 1072 4375 regie
1087 4293 1224 4356 Henrici
1240 4294 1324 4356 sexti
1340 4293 1517 4377 supradicti
1534 4313 1628 4372 none,
1642 4294 1728 4376 quod
1747 4295 1814 4372 (sic)
1829 4317 1882 4357 :—

492 4431 665 4510 Johaunes,
679 4452 786 4494 comes
800 4431 935 4507 Oxouie,
949 4431 1014 4493 fuit
1029 4432 1167 4508 saisitus,
1185 4437 1223 4493 ut
1237 4433 1277 4494 de
1292 4431 1394 4495 libero
1409 4435 1598 4493 tenemento
1614 4451 1683 4507 sue,
1692 4431 1733 4494 de
1748 4432 1892 4494 manerio
1907 4431 1947 4494 de

450 4521 592 4599 Furere,
608 4521 643 4582 in
659 4518 826 4582 hundredo
840 4518 881 4580 de
895 4516 1080 4601 Wyngham
1094 4519 1130 4581 in
1155 4519 1315 4582 comitatu
1339 4519 1498 4602 predicto,
1522 4519 1608 4601 quod
1632 4522 1763 4582 tenetur
1788 4540 1843 4602 per
1868 4519 1947 4582 duas

451 4615 555 4691 partes
569 4628 627 4672 un.
642 4607 665 4671 f.
680 4627 723 4670 m.
738 4605 859 4689 integri
873 4606 908 4666 in
924 4604 1069 4672 Furnrn.

492 4745 632 4810 Thomas
647 4745 806 4828 Septvans
821 4745 860 4806 de
874 4743 975 4806 Esshe
985 4744 1082 4829 juxta
1096 4743 1300 4807 Sandwicnm
1326 4745 1362 4806 in
1388 4745 1545 4808 comitatu
1571 4743 1729 4827 predicto,
1745 4745 1949 4829 gentylman‚

452 4832 514 4898 fuit
528 4835 659 4897 scisitus
674 4838 735 4895 etc.
751 4833 792 4895 de
806 4833 901 4894 certis
915 4833 1010 4894 terris
1026 4837 1061 4895 et
1074 4834 1271 4896 tenementis
1287 4835 1322 4894 in
1336 4830 1503 4894 hundredo
1524 4831 1564 4894 de
1587 4831 1771 4914 Wyngham
1793 4832 1949 4915 predicto,

453 4942 513 5004 que
526 4927 682 4986 tenentur
695 4940 752 5004 per
765 4920 899 4983 terciam
915 4925 1041 5002 partem
1054 4920 1211 4982 antedicti
1227 4919 1249 4982 f.
1266 4940 1309 4983 m.
1327 4921 1448 5003 integri
1464 4920 1497 4980 in
1514 4919 1656 4984 Furnrn.

494 5060 649 5124 Priorissa
673 5058 713 5122 de
734 5055 950 5121 Dertefforthe
974 5057 1011 5119 in
1026 5058 1184 5121 comitatu
1201 5058 1347 5141 predicto
1362 5062 1441 5120 tune
1457 5058 1610 5141 temporis
1625 5055 1689 5118 fuit
1707 5057 1818 5120 seisite
1833 5063 1893 5119 etc.
1910 5057 1951 5119 de

454 5151 595 5211 manerio
610 5148 652 5210 de
668 5147 820 5212 Pnusrou
835 5146 869 5207 in
884 5143 1050 5208 hundredo
1064 5144 1105 5207 de
1120 5144 1275 5208 Prestone
1290 5145 1445 5228 predicto,
1462 5145 1546 5226 quod
1563 5148 1693 5206 tenetur
1707 5165 1765 5227 per
1780 5145 1951 5207 servicium

455 5257 508 5302 nn.
523 5237 546 5300 t
560 5257 605 5301 m.
621 5235 742 5319 integri
757 5235 793 5296 in
809 5233 972 5298 Paasrou.

493 5373 645 5440 Predicte
659 5373 810 5456 priorisse
824 5371 889 5434 fuit
904 5372 1014 5434 seisita
1029 5376 1091 5434 etc.
1107 5371 1148 5436 de
1163 5371 1259 5435 certis
1274 5372 1369 5434 terris
1383 5377 1417 5434 et
1431 5369 1632 5433 tenementis
1657 5370 1693 5431 in
1715 5367 1883 5431 hundredo
1910 5369 1951 5432 de

456 5461 633 5550 Wyngham
657 5465 691 5524 et
714 5460 852 5523 Preston
877 5459 1032 5543 predicto,
1046 5461 1082 5522 in
1097 5461 1255 5522 comitatu
1271 5459 1426 5541 predicto,
1441 5477 1502 5542 que
1518 5461 1673 5520 tenentur
1688 5457 1724 5518 in
1738 5455 1952 5542 gavylkende,

455 5557 486 5614 et
508 5553 618 5616 valent
641 5569 700 5634 per
722 5567 846 5611 annum
869 5553 931 5609 etc.
956 5567 1028 5611 xxx.
1036 5547 1072 5611 li.
1119 5547 1187 5621 Que
1212 5546 1344 5630 quidem
1373 5551 1455 5609 terre
1485 5550 1519 5607 ct
1547 5549 1734 5608 tenementa
1764 5544 1953 5606 amortisata

454 5637 579 5705 inerunt
599 5636 692 5726 [post
706 5631 847 5720 annum]
867 5634 1061 5697 vicesimum
1076 5634 1226 5697 Edwardi
1242 5653 1346 5717 nuper
1360 5633 1442 5716 regis
1458 5632 1576 5716 Anglie
1590 5631 1698 5715 primi

492 5777 595 5865 Roger
631 5777 822 5862 Clyterowe,
860 5773 1010 5857 armiger,
1047 5773 1087 5834 de
1125 5770 1226 5835 Esshe
1264 5772 1420 5856 predicta,
1451 5772 1486 5833 in
1516 5771 1675 5833 comitatu
1704 5769 1858 5853 predicto,
1886 5770 1954 5832 fuit

454 5867 573 5932 scisitus
586 5873 650 5934 etc.
667 5866 710 5929 de
726 5862 968 5930 Gousrsuroan
984 5861 1020 5922 in
1035 5860 1202 5924 hundredo
1215 5860 1257 5923 dc
1276 5859 1458 5943 Wyngham
1473 5858 1629 5941 predicto,
1643 5857 1730 5939 quod
1745 5861 1875 5919 tenetur
1898 5875 1954 5940 per

455 5958 614 6021 servicium
631 5975 690 6020 un.
707 5951 734 6016 f.
748 5971 795 6016 m.
810 5949 930 6032 integri
945 5949 980 6010 in
996 5947 1247 6018 Gonsrauroun.
