5000 7050
571 1083 636 1150 280
1214 1083 1421 1150 LINCOLN.

612 1371 680 1434 Nec
704 1371 900 1454 respondent
922 1373 963 1435 de
985 1372 1095 1457 aliquo
1118 1371 1308 1456 hujusmodi
1335 1373 1477 1436 subsidio
1504 1369 1550 1436 di.
1568 1371 1590 1436 i.
1610 1393 1655 1435 m.
1679 1371 1713 1434 in
1729 1371 1962 1449 Wsnruouarr,
1989 1371 2075 1456 quod

570 1458 733 1523 Jobannes
748 1459 834 1521 filius
851 1459 945 1525 Sarte
960 1459 1123 1544 quondam
1139 1461 1258 1539 tenuit,
1273 1480 1310 1524 eo
1325 1460 1411 1542 quod
1428 1466 1576 1523 tenentes
1590 1461 1783 1543 ignorantur
1796 1481 1834 1523 ac
1852 1479 1908 1544 pro
1923 1479 1961 1522 eo
1987 1459 2075 1543 quod

570 1546 673 1608 iidem
709 1545 893 1609 collectores
929 1547 1058 1609 nullum
1094 1546 1281 1628 hujusmodi
1319 1547 1498 1611 subsidium
1536 1548 1723 1611 levaverunt
1759 1553 1823 1611 etc.
1869 1542 2074 1633 [castelleti]

572 1632 756 1697 Onerantur
770 1640 866 1717 snper
881 1640 1067 1716 compotum
1083 1635 1122 1696 de
1139 1634 1222 1719 iij·⁸·
1239 1633 1343 1721 iiija.

614 1769 683 1832 Nec
705 1770 899 1852 respondent
924 1771 964 1833 de
988 1769 1175 1853 hujusmodi
1200 1770 1344 1834 subsidio
1366 1747 1440 1855 iii'je
1462 1771 1563 1853 partis
1588 1791 1642 1834 un.
1659 1768 1684 1834 f.
1710 1790 1754 1833 nr.
1781 1769 1814 1830 in
1845 1769 2014 1836 Srunsrou
2039 1773 2074 1830 et

570 1857 802 1935 Wauruonsu,
830 1878 927 1940 quam
957 1856 1120 1921 Johannes
1151 1858 1238 1921 filius
1267 1857 1425 1922 Johannis
1456 1857 1617 1942 quondam
1650 1859 1766 1935 tenuit,
1795 1877 1890 1920 causa
1927 1856 2073 1938 predicta

577 1941 780 2030 [cancclbffl.
826 1945 1011 2008 Onerantur
1026 1965 1123 2028 super
1137 1950 1325 2029 compotum
1340 1947 1381 2008 de
1397 1967 1447 2011 xx.
1462 1944 1495 2009 d.

614 2073 681 2136 Nec
697 2072 894 2156 respondent
907 2072 948 2134 de
963 2071 1154 2158 hujusmodi
1169 2073 1313 2136 subsidio
1328 2074 1372 2138 di.
1391 2075 1413 2138 f.
1432 2075 1500 2156 viij.
1517 2075 1619 2156 partis
1635 2081 1665 2136 et
1684 2083 1740 2137 c¹¹²⁰
1754 2075 1856 2156 partis
1871 2094 1927 2139 un.
1944 2075 1966 2138 f.
1982 2095 2025 2138 m.
2035 2075 2070 2136 in

571 2160 810 2237 Frnnruonsu,
825 2181 904 2244 quas
916 2159 1059 2244 Rogerus
1074 2159 1282 2242 Beaucbamp
1297 2162 1459 2245 quondam
1474 2163 1592 2241 tenuit,
1602 2181 1696 2225 causa
1706 2161 1853 2246 predicta
1868 2157 2069 2247 [cumcibcfl.

571 2249 754 2312 Onerantur
768 2269 864 2330 super
877 2254 1065 2330 compotum
1080 2248 1121 2310 de
1136 2247 1172 2332 iij
1177 2271 1219 2314 .o.
1236 2246 1339 2334 iiijmd

615 2384 663 2446 De
677 2385 783 2467 priore
797 2385 838 2447 de
852 2383 1042 2468 Bollington
1057 2405 1114 2469 pro
1129 2385 1174 2447 di.
1189 2384 1212 2449 f.
1224 2405 1268 2449 m.
1280 2386 1315 2446 in
1331 2384 1476 2464 Iucnsu,
1488 2384 1573 2470 quod
1589 2383 1827 2468 predecessores
1843 2385 1893 2450 sui
1908 2387 2068 2473 quondam

569 2476 756 2536 tenuerunt.
802 2472 831 2532 N
835 2470 924 2551 iobii,
943 2474 1019 2557 quia
1033 2472 1225 2538 decimabile
1248 2469 1451 2557 [cancellat]
1498 2473 1776 2555 Superonerantur
1791 2474 1830 2536 de
1845 2495 1873 2538 v.
1880 2492 1906 2538 s.
1923 2471 2007 2558 vj.d.
2022 2475 2069 2538 ob.

613 2610 664 2675 De
678 2609 794 2674 abbate
810 2610 851 2672 de
866 2609 1009 2688 Revesby
1027 2631 1085 2692 pro
1100 2611 1153 2696 iij·
1174 2615 1266 2692 parte
1281 2614 1315 2672 et
1330 2618 1405 2674 uun⁸
1426 2615 1518 2692 parte
1544 2630 1599 2674 uu.
1615 2610 1638 2674 f.
1656 2631 1735 2695 quas
1760 2610 1994 2693 predecessores
2020 2611 2069 2672 sui

569 2698 731 2782 quondam
747 2703 931 2775 tenuerunt.
977 2696 1099 2774 Nichil,
1114 2704 1175 2762 etc.
1199 2692 1403 2782 [cancelied].
1450 2695 1726 2780 Superonerantnr
1741 2697 1782 2761 de
1797 2718 1861 2764 us.
1877 2699 1962 2783 vicl.
1979 2701 2025 2763 ob.

614 2829 661 2893 De
683 2831 826 2915 capitulo
847 2832 1015 2896 Lincolnie
1037 2853 1094 2915 pro
1117 2828 1191 2917 iiij‘·
1205 2838 1296 2915 porte
1319 2852 1373 2895 un.
1391 2833 1413 2898 f.
1430 2854 1475 2898 m.
1492 2833 1525 2894 in
1543 2820 1897 2918 Funuruonuusquam
1912 2833 2069 2896 Robertus

570 2917 855 3003 Rssynquondam
869 2921 980 2983 tenuit
995 2918 1118 2981 ibidem
1173 2955 1893 2973 --------
1981 2921 2067 2986 aad

1057 3055 1346 3142 feodorum-iiij.
1362 3057 1385 3122 f.
1402 3062 1439 3121 et
1454 3058 1488 3143 ij.
1505 3063 1613 3140 partes
1628 3078 1683 3122 un.
1699 3059 1721 3124 f.

897 3099 1031 3164 Summa
1057 3145 1264 3207 denariorum
1276 3169 1315 3211 :-·
1330 3146 1450 3232 xxxj-8·
1462 3143 1533 3228 bd·

962 3574 1077 3645 Frons
1098 3576 1303 3647 EPISCOPI
1326 3576 1684 3647 LINCOLNIENSIS.

611 3757 661 3820 De
684 3751 740 3843 vj*
762 3760 853 3841 parte
878 3776 933 3820 un.
950 3754 975 3820 i.
992 3776 1036 3820 m.
1063 3755 1098 3817 in
1121 3756 1324 3833 Wuuoosar,
1349 3776 1447 3838 quam
1465 3754 1626 3819 Walterus
1652 3755 1693 3818 de
1717 3753 1887 3837 Toutbeby
1908 3756 2069 3838 quondam

568 3846 687 3910 tenuit.
733 3845 763 3907 N
766 3844 853 3924 ichil,
869 3845 946 3926 quia
959 3848 1071 3906 contra
1085 3849 1149 3907 otc.

612 3983 660 4045 De
675 3983 779 4066 priore
793 3981 833 4044 de
849 3980 1049 4064 Bullyngton
1065 4002 1122 4062 pro
1137 3981 1196 4066 xij·
1208 3986 1301 4063 parte
1316 4000 1372 4045 un.
1388 3980 1412 4044 f.
1429 3980 1464 4042 in
1488 3979 1615 4075 eadem,
1636 3999 1735 4062 quarn
1757 3980 1993 4062 predecessores
2020 3982 2071 4044 sui

568 4070 731 4155 quondam
747 4075 934 4133 tenuerunt.
981 4067 1101 4145 Nichil,
1116 4090 1212 4131 causa
1227 4067 1399 4132 consimili.

612 4207 660 4270 De
684 4209 845 4291 magistro,
866 4203 978 4267 Sancti
1004 4204 1115 4287 Egidii
1139 4213 1229 4267 extra
1257 4203 1459 4267 Lincoluiam
1489 4224 1545 4287 pro
1572 4204 1617 4269 di.
1635 4202 1657 4268 f.
1676 4224 1720 4267 m.
1738 4204 1772 4265 in
1791 4204 1968 4281 scurror,
1984 4204 2070 4286 quod

569 4293 730 4357 Robertus
745 4294 849 4376 Darcy
864 4292 1028 4377 quondam
1044 4294 1162 4357 tenuit.
1210 4290 1329 4372 Nichil,
1344 4292 1421 4375 quia
1436 4290 1627 4354 decimabile
1649 4288 1852 4377 [correctiori]
1892 4290 2071 4355 Onerantur

569 4403 666 4466 super
680 4389 869 4465 compotum
884 4381 925 4443 de
940 4378 1023 4466 iiis.
1040 4377 1143 4465 biju.

613 4520 662 4584 De
687 4521 803 4584 abbate
833 4520 873 4581 de
904 4516 1094 4600 Tupholme,
1119 4517 1291 4580 heredibus
1320 4515 1467 4599 Philippi
1497 4514 1645 4599 Sponsor,
1671 4521 1704 4579 et
1734 4514 1907 4579 heredibus
1937 4516 2071 4581 Roberti

570 4608 692 4691 Basage
707 4628 765 4691 pro
780 4608 825 4670 di.
842 4606 866 4671 f.
883 4604 925 4667 vu
938 4610 1031 4688 parte
1046 4626 1102 4669 un.
1119 4605 1142 4667 i.
1158 4608 1193 4667 in
1209 4605 1347 4669 Russus
1361 4610 1395 4666 et
1412 4604 1594 4681 Srnruuou,
1612 4624 1690 4687 quas
1706 4604 1945 4685 predecessores
1968 4605 2071 4686 ipsius

568 4694 706 4771 abbatis,
735 4692 907 4776 Philippus
931 4692 1079 4775 Spenser,
1102 4699 1136 4755 et
1152 4692 1312 4755 Robertus
1328 4690 1451 4773 Basage
1467 4692 1631 4772 quondam
1648 4698 1835 4755 tenuerunt.
1880 4691 1989 4754 Nichil
2004 4691 2068 4769 bic,

567 4803 605 4844 eo
619 4782 705 4864 quod
720 4781 811 4844 nulla
825 4802 898 4863 pars
914 4780 1064 4843 extendit
1080 4801 1112 4843 se
1127 4780 1167 4842 ad
1182 4781 1403 4862 quantitatem
1419 4778 1495 4862 ffijo
1519 4780 1620 4861 partis
1643 4800 1698 4841 un.
1716 4779 1739 4841 f.
1757 4798 1801 4842 m.
1830 4784 1865 4840 et
1890 4781 1936 4841 sic
1962 4780 2071 4842 minus

568 4868 645 4953 iiijt·
663 4873 764 4951 parte.

612 5005 660 5067 De
674 5005 859 5068 tenentibus
875 5012 1033 5068 terrarum
1049 5005 1211 5086 quondam
1227 5000 1426 5079 Elisabetbe,
1438 5024 1500 5085 que
1516 5002 1582 5065 fuit
1598 5023 1676 5065 uxor
1691 5002 1855 5064 Edmundi
1872 5002 1913 5065 de
1925 5003 2004 5086 Rye,
2013 5023 2070 5087 pro

568 5093 617 5177 iij.
634 5093 778 5175 partibus
793 5114 848 5157 un.
866 5093 889 5156 f.
907 5114 951 5158 m.
969 5094 1003 5154 in
1020 5092 1189 5170 Onussnr,
1206 5110 1286 5173 quss
1302 5090 1390 5152 dicta
1406 5089 1595 5153 Elisabetba
1610 5090 1774 5174 quondam
1790 5092 1899 5154 tenuit
2003 5110 2067 5156 us.

613 5230 662 5293 De
678 5232 782 5313 priore
797 5230 838 5293 de
854 5230 1010 5314 Ormysby
1026 5250 1083 5313 pro
1099 5229 1170 5313 iiij‘·
1183 5232 1276 5311 parte
1290 5232 1324 5291 et
1340 5232 1374 5291 x·
1391 5233 1481 5309 parte
1497 5248 1553 5292 un.
1570 5228 1594 5291 f.
1611 5228 1646 5290 iu
1670 5228 1824 5311 predictis
1846 5228 1942 5305 villis,
1970 5248 2068 5310 quam

569 5318 811 5401 predecessores
847 5319 899 5380 sui
935 5318 1097 5401 quondam
1131 5321 1316 5380 tenuerunt.
1371 5316 1491 5395 Nichil,
1524 5316 1601 5397 quia
1634 5314 1825 5378 decimabile
1863 5312 2067 5402 [concellod].

569 5408 850 5489 Superonerantur
865 5406 905 5469 de
921 5405 1003 5488 iij.s.
1020 5402 1123 5489 iiiju.

613 5543 662 5605 De
697 5543 840 5625 capitulo
870 5542 1035 5605 Linooluie
1066 5562 1123 5626 pro
1153 5539 1227 5627 fiir·
1260 5548 1353 5625 parte
1382 5562 1438 5605 un.
1470 5540 1492 5605 f.
1526 5559 1570 5603 m.
1603 5540 1636 5601 iu
1668 5539 1815 5622 predicta
1845 5538 1935 5617 villa,
1969 5560 2068 5622 quam

566 5632 800 5714 predecessores
830 5632 879 5693 sui
917 5630 1081 5715 quondam
1116 5634 1303 5694 tenuerunt.
1349 5627 1471 5707 Nichil,
1509 5628 1587 5711 quia
1623 5626 1816 5690 decimabile
1860 5623 2066 5714 [concellod]

571 5718 848 5802 Superonerantur
862 5718 902 5781 de
915 5718 999 5803 iij.s.
1016 5716 1077 5803 iiij.
1086 5716 1120 5782 d.

611 5855 659 5920 De
685 5856 757 5940 viij·
781 5860 872 5938 parte
899 5875 954 5919 un.
972 5854 995 5919 f.
1013 5875 1057 5918 m.
1083 5854 1118 5916 in
1146 5853 1247 5931 Onna,
1276 5872 1374 5936 quam
1397 5849 1564 5916 Jobaunes
1595 5849 1633 5913 de
1660 5849 1743 5912 Hsle
1766 5849 1933 5932 quondam
1949 5852 2070 5930 tenuit,

571 5941 694 6023 Nichil,
709 5946 787 6029 quia
801 5950 912 6007 contra
927 5947 990 6010 etc.
