5000 7050
1096 1106 1180 1173 sl).
1207 1108 1303 1172 14³1.
1887 1104 1951 1167 863

490 1390 671 1456 Willelmus
687 1391 826 1472 Oldball,
842 1413 945 1477 nuper
960 1393 1001 1457 de
1016 1392 1171 1477 Ormesby
1186 1394 1222 1456 in
1236 1392 1398 1455 comitatu
1412 1392 1591 1470 Lincolnie‚
1608 1389 1710 1468 miles,
1726 1390 1793 1452 fnit
1815 1389 1946 1452 scisitus

445 1486 509 1543 etc.
525 1478 565 1543 de
580 1479 712 1544 diversis
726 1481 818 1545 terris
832 1484 866 1544 et
881 1480 1079 1545 tenementis
1093 1502 1169 1545 cum
1184 1481 1251 1544 suis
1266 1479 1479 1563 pertinenciis
1493 1480 1529 1542 in
1544 1479 1686 1556 Irscnsr,
1703 1480 1737 1541 et
1753 1475 1864 1540 valent
1889 1495 1947 1559 per

446 1586 569 1631 annum
583 1567 671 1632 ultra
684 1568 823 1652 reprisas
837 1567 948 1633 decem
965 1571 999 1634 li.
1016 1572 1051 1633 et
1065 1572 1222 1633 tenentur
1236 1568 1271 1631 in
1287 1569 1427 1653 sccagio.

489 1730 534 1793 Et
569 1731 706 1795 ulterius
742 1732 857 1797 dicunt
893 1733 979 1818 quod
1016 1754 1080 1797 non
1116 1737 1195 1797 sunt
1230 1732 1324 1816 plura
1356 1736 1425 1813 (etc.
1456 1754 1493 1797 aa
1524 1730 1650 1814 before).
1695 1729 1737 1792 In
1773 1728 1866 1815 cujus
1895 1727 1944 1791 rei

449 1818 676 1920 testimonium
690 1824 756 1888 etc.

926 2060 1217 2128 Wsrrnumcmuu
1241 2080 1285 2125 nn
1307 2050 1476 2125 MANLE.

494 2209 672 2295 laquiricio
696 2217 791 2293 capta
813 2213 900 2295 apud
927 2211 1178 2277 Burtonstathre
1205 2214 1346 2296 septimo
1375 2213 1428 2275 die
1458 2212 1606 2274 Januarii
1636 2231 1720 2274 anno
1745 2212 1837 2293 regni
1864 2212 1947 2293 regis

452 2296 584 2360 Henrici
610 2300 691 2362 sexti
721 2300 857 2377 decimo,
882 2320 989 2365 coram
1017 2301 1141 2364 Thomu
1168 2301 1291 2363 Santon
1321 2308 1389 2380 (etc.
1415 2324 1451 2365 as
1479 2301 1606 2382 before),
1631 2319 1686 2381 per
1711 2304 1946 2361 sacramentum

451 2382 608 2448 Johannis
622 2385 741 2450 Ufflete
755 2388 795 2451 de
812 2387 942 2465 Halton,
965 2386 1125 2451 Johanuis
1149 2387 1351 2471 Belyngham
1377 2388 1416 2450 de
1441 2386 1573 2469 Manby,
1598 2386 1733 2449 Roberti
1760 2386 1882 2449 Santon
1906 2385 1947 2447 de

452 2468 584 2550 Santon,
611 2473 747 2539 Roberti
774 2474 895 2558 Ulceby
921 2475 960 2538 de
987 2474 1098 2559 Colby,
1126 2475 1262 2539 Henrici
1288 2473 1493 2557 Olyderhove
1518 2474 1557 2536 de
1582 2473 1785 2556 Wynterton,
1813 2473 1947 2536 Roberti

455 2558 467 2617 1
469 2579 551 2643 assy
565 2561 607 2623 de
632 2561 758 2637 eadem,
786 2562 916 2625 Roberti
943 2561 1032 2626 Crull
1047 2564 1087 2626 de
1101 2563 1226 2641 eadem,
1241 2561 1383 2626 Galfridi
1399 2560 1540 2629 Groxtun
1554 2561 1596 2623 de
1610 2560 1774 2644 Appulby‚
1789 2560 1946 2639 Willelrui

451 2646 530 2729 Lyle
545 2647 586 2710 de
601 2646 799 2733 Flyrburgh,
816 2648 957 2713 Galfridi
972 2650 1087 2714 Hertle
1102 2650 1142 2713 de
1159 2649 1329 2727 Gunnabe,
1353 2648 1488 2713 Henrici
1512 2649 1638 2711 Burnet
1663 2648 1704 2711 de
1730 2647 1946 2724 Alkebsrowe,

450 2738 484 2797 et
517 2732 675 2798 Johunnis
701 2735 817 2799 Belton
848 2737 890 2800 de
916 2736 1102 2820 Gerlthorp‚
1128 2737 1326 2820 juratorum,
1355 2738 1412 2819 qui
1443 2736 1558 2800 dicunt
1586 2755 1681 2819 super
1710 2739 1947 2798 sacramentum

451 2840 545 2883 suum
560 2822 646 2905 quod
660 2845 714 2887 :⁴-

492 3006 660 3075 Johannes
676 3010 798 3076 Busshe
813 3012 853 3077 de
867 3011 1019 3099 Hoghsm
1033 3014 1069 3077 in
1084 3014 1245 3078 comitatu
1260 3013 1418 3096 predicto,
1442 3012 1549 3089 miles,
1573 3012 1641 3075 fuit
1664 3010 1797 3075 seisitus
1821 3014 1883 3075 etc.
1906 3010 1947 3075 de

437 3099 595 3249 'rlddndnrd
616 3098 656 3163 de
682 3100 846 3167 Mauurorr
870 3122 946 3165 cum
969 3102 1187 3185 pertinenciis,
1212 3102 1299 3187 quod
1321 3107 1453 3166 tenetur
1477 3120 1533 3221 per
1554 3099 1724 3164 servicium
1745 3118 1830 3162 none
1845 3101 1947 3182 partis

493 3346 656 3411 Gerendus
670 3348 801 3433 Sothyll
817 3350 858 3414 de
873 3350 1028 3415 Redburn
1043 3352 1077 3415 in
1093 3353 1253 3415 comitatu
1268 3350 1423 3435 predicto,
1439 3348 1590 3433 armiger,
1605 3320 1671 3411 fuit
1686 3348 1815 3413 seisitns
1829 3353 1893 3416 etc.
1906 3350 1946 3412 de

451 3435 592 3499 manerio
605 3440 718 3499 vocatu
735 3438 887 3505 somna
902 3441 1046 3503 manerio
1060 3459 1134 3503 cum
1150 3438 1361 3523 pertinenciis
1375 3438 1410 3501 in
1426 3438 1600 3515 Runuuau,
1628 3436 1712 3518 quod
1735 3439 1868 3500 tenetur
1889 3458 1947 3519 per

451 3522 623 3586 servicium
637 3524 824 3590 medietatis
839 3547 893 3592 nn.
912 3527 934 3592 f.
952 3549 996 3592 m.

492 3683 651 3764 Jchanns,
682 3708 745 3770 qne
773 3687 839 3751 fuit
869 3709 949 3752 uxor
979 3689 1117 3753 Gerardi
1147 3687 1286 3773 Sothyss,
1319 3687 1471 3766 chiveler,
1502 3686 1541 3750 de
1572 3686 1732 3750 comitatu
1768 3687 1945 3766 Lincolnie‚

449 3773 593 3851 vedove,
608 3773 674 3838 fuit
688 3775 798 3839 seisita
813 3777 853 3840 de
879 3779 1027 3841 manerio
1054 3783 1168 3840 vocato
1194 3778 1378 3844 Wascnnvrr
1405 3777 1550 3838 manerio
1575 3795 1649 3838 cum
1676 3774 1887 3857 pertinenciis
1910 3777 1946 3837 in

450 3859 623 3940 Rnnnunrr,
640 3862 727 3944 quod
742 3869 875 3928 tenetur
889 3885 946 3948 per
961 3865 1132 3928 servicium
1147 3865 1338 3928 medietatis
1353 3884 1409 3928 un.
1426 3864 1449 3926 f.
1466 3883 1512 3927 m.

491 4021 588 4086 Dicta
611 4022 761 4089 Johanna
786 4024 852 4090 fuit
878 4027 988 4091 scisita
1012 4031 1074 4092 etc.
1102 4028 1143 4091 de
1165 4028 1310 4091 manerio
1332 4025 1373 4091 de
1388 4027 1620 4092 Mnssmuuasr
1636 4045 1710 4088 cum
1727 4025 1946 4108 pertinenciis,

448 4111 534 4192 quod
549 4115 680 4174 tenetur
695 4134 751 4196 per
767 4115 940 4178 servicium
955 4114 1144 4178 medietatis
1158 4135 1213 4180 un.
1228 4116 1253 4179 i.
1269 4136 1314 4179 m.

491 4271 587 4336 Dicte
601 4273 751 4340 Johanna
765 4276 831 4340 fuit
845 4277 959 4342 seisits
972 4281 1034 4344 etc.
1052 4277 1093 4342 de
1108 4283 1221 4361 quarta
1237 4281 1328 4361 parte
1343 4276 1384 4340 de
1410 4275 1554 4339 manerio
1580 4274 1621 4339 de
1644 4276 1849 4343 ansuasrr
1871 4297 1944 4340 cum

447 4361 667 4443 pertinenciis,
684 4364 770 4448 quod
785 4369 916 4429 tenetur
931 4385 991 4449 per
1005 4365 1175 4430 servicium
1191 4372 1305 4449 quarte
1319 4364 1420 4448 partis
1435 4384 1491 4427 un.
1508 4363 1532 4429 f.
1547 4383 1593 4428 m.

490 4521 653 4588 Johennes
679 4524 785 4609 Byron
809 4527 848 4590 de
875 4525 1012 4611 Ciayton
1033 4529 1069 4590 in
1084 4528 1244 4591 comitatu
1259 4493 1464 4606 Lancastrie,
1474 4527 1579 4606 miles,
1596 4527 1662 4590 fuit
1678 4527 1812 4590 seisitus
1826 4529 1888 4592 etc.
1905 4526 1946 4589 de

447 4611 592 4760 pumpnp]
612 4610 653 4675 de
677 4613 897 4681 Hrssnusrow
922 4636 997 4678 cum
1012 4615 1230 4699 pertinenciis,
1246 4614 1335 4699 quod
1350 4617 1482 4678 tenetur
1497 4634 1554 4697 per
1568 4614 1740 4678 servicium
1756 4614 1945 4679 medietatis

489 4857 671 4923 Willelmus
698 4861 859 4945 Tirvhytt
884 4863 925 4927 de
948 4863 1084 4947 Ketilby
1098 4864 1134 4927 in
1160 4865 1321 4928 comitatu
1337 4864 1516 4941 Lincolnie‚
1532 4864 1637 4942 miles,
1654 4863 1719 4927 fnit
1734 4864 1867 4928 seisitus
1881 4868 1944 4929 etc.

445 4945 491 5094 dd
499 4947 644 5097 upapprio
659 4948 700 5011 de
717 4949 842 5018 sorum
856 4971 933 5014 cum
948 4952 1169 5034 pertinenciis,
1184 4951 1272 5036 quod
1287 4958 1420 5016 tenetur
1434 4971 1491 5034 per
1506 4953 1680 5015 servicium
1702 4955 1815 5015 octeve
1838 4954 1942 5035 partis

490 5194 656 5263 Johannes
670 5163 942 5287 Bekynghsm'de
958 5204 1079 5290 Menby
1095 5206 1131 5268 in
1145 5206 1305 5269 comitatu
1319 5205 1477 5288 predicto,
1494 5203 1695 5288 gentelman,
1722 5203 1788 5265 fuit
1813 5203 1945 5266 scisitus

447 5283 760 5454 ῧὶοῐὶὶἑίῗωῂἳεξιὶο
785 5287 842 5376 de]
864 5292 985 5357 Miser
1000 5312 1075 5355 cum
1101 5294 1324 5420 pertinenciis,
1340 5293 1425 5376 quod
1450 5296 1580 5356 tenetur
1596 5311 1654 5374 per
1669 5291 1839 5354 servicium
1854 5293 1944 5353 sexte

491 5535 651 5601 Henn'cus
665 5537 811 5622 Moreley
825 5541 866 5604 de
882 5541 1001 5605 Holme
1016 5543 1051 5604 in
1067 5542 1226 5606 comitatu
1241 5541 1386 5626 predicto
1400 5540 1466 5604 fuit
1491 5541 1621 5604 scisitus
1647 5544 1711 5602 etc.
1734 5541 1775 5603 de
1800 5541 1945 5603 manerio

448 5620 488 5684 de
503 5623 625 5689 Honun
639 5646 714 5688 cum
729 5628 949 5709 pertinenciis,
966 5629 1050 5712 quod
1066 5635 1195 5693 tenetur
1211 5651 1268 5712 per
1283 5629 1457 5692 servicium
1472 5633 1583 5712 quarte
1599 5627 1700 5710 partis
1715 5647 1772 5690 un.
1790 5627 1815 5691 fi
1828 5647 1874 5690 m.

488 5783 653 5850 Johannes
668 5787 818 5872 Langton
833 5788 874 5852 de
890 5789 1064 5854 Hodilston
1079 5790 1112 5852 in
1129 5790 1291 5854 comitutu
1307 5790 1454 5867 Eboraci,
1469 5790 1574 5867 miles,
1588 5787 1654 5853 init
1670 5787 1799 5851 seisitus
1822 5790 1886 5850 ete.
1901 5785 1943 5850 de

448 5874 589 5936 manerio
613 5874 654 5937 de
680 5876 834 5942 Aerunm
859 5897 933 5940 cum
959 5877 1179 5960 pertinenciis,
1204 5877 1291 5961 quod
1317 5881 1449 5940 tenetur
1474 5896 1533 5959 per
1558 5876 1728 5940 servicium
1757 5873 1946 5938 medietatis

448 5977 503 6020 un.
518 5959 540 6023 t'.
556 5981 601 6026 m.
618 5963 703 6043 quod
718 5961 783 6026 tuit
797 5965 834 6027 in
849 5984 949 6027 manu
963 5955 1088 6028 domini
1104 5965 1190 6050 regis
1204 5965 1293 6029 dictu
1308 5965 1360 6027 die
1375 5963 1522 6042 Veneris,
1538 5968 1573 6025 et
1588 5983 1676 6025 nunc
1690 5967 1749 6025 est.
