5000 7050
1032 1064 1113 1132 hl).
1137 1067 1233 1131 1428.
1817 1067 1879 1132 125

414 1350 466 1415 De
482 1360 602 1437 quarta
615 1361 707 1439 parte
721 1375 776 1421 un.
792 1355 815 1421 f.
830 1377 875 1421 m.
889 1376 988 1440 quam
1002 1355 1101 1421 abbas
1117 1356 1301 1440 Lsyeestrie
1317 1360 1409 1421 tenet
1431 1356 1466 1419 in
1489 1356 1699 1433 Inuwssnss,
1724 1360 1759 1421 et
1785 1374 1882 1441 quam

372 1439 524 1525 Rogems
536 1443 728 1527 Aungervill
750 1444 914 1528 quondam
940 1446 1049 1509 tenuit
1074 1445 1207 1523 ibidem,
1222 1465 1288 1508 non
1314 1444 1523 1527 respondent,
1538 1444 1675 1527 eoquod
1690 1446 1787 1509 solvit
1800 1452 1883 1525 1⁰²⁸,

373 1529 459 1590 sieut
474 1535 541 1595 ete.
587 1529 786 1610 Subsidium,
801 1532 895 1596 nihil.

416 1666 469 1728 De
501 1668 681 1733 medietate
717 1690 771 1733 un.
799 1670 823 1735 f.
852 1690 896 1735 m.
926 1690 1025 1752 quem
1061 1671 1226 1753 predictus
1262 1649 1447 1753 episeopus
1464 1668 1700 1732 lincolniensis
1730 1674 1819 1734 tenet
1847 1672 1883 1733 in

373 1753 579 1834 Kurunron,
592 1776 657 1820 non
672 1758 879 1841 respondent,
893 1778 931 1821 eo
947 1756 1032 1840 quod
1048 1758 1145 1821 solvit
1159 1766 1237 1835 xm,
1255 1758 1341 1820 sieut
1355 1764 1416 1821 ete.
1464 1756 1664 1837 Subsidium,
1679 1755 1777 1821 nihil.

417 1892 470 1956 De
486 1915 544 1960 un.
556 1896 578 1960 i.
591 1916 635 1960 m.
647 1895 733 1979 quod
744 1915 848 1958 eomes
859 1892 982 1958 Oxonie
993 1901 1087 1958 tenet
1098 1896 1132 1958 in
1146 1897 1410 1970 Wrsrnessrou‚
1422 1914 1486 1958 non
1498 1894 1692 1978 respondent
1703 1916 1740 1957 eo
1751 1895 1838 1977 quod
1849 1895 1885 1958 in

372 1982 531 2045 manibus
545 1985 630 2067 regis
644 1984 759 2047 existit
773 1982 902 2046 rasione
917 1982 1053 2046 minoris
1068 1985 1167 2047 etatis
1181 1983 1325 2060 comitis,
1342 1984 1427 2045 sieut
1442 1988 1505 2047 ete.
1553 1980 1751 2061 Subsidium,
1766 1982 1863 2048 nibil.

415 2119 467 2183 De
494 2121 676 2185 medietate
702 2141 758 2185 un.
774 2121 797 2185 f.
813 2140 857 2185 m.
874 2138 971 2201 quam
996 2122 1086 2203 prior
1108 2121 1149 2185 de
1164 2120 1261 2185 Ware
1286 2124 1381 2183 tenet
1406 2122 1441 2183 in
1457 2120 1579 2186 Misus
1595 2122 1803 2199 Pessimus,
1818 2140 1884 2183 non

371 2210 578 2290 respondent
594 2230 632 2272 eo
647 2209 733 2293 quod
748 2208 848 2272 solvit
862 2216 940 2284 xm,
956 2209 1042 2271 sieut
1057 2213 1121 2273 ete.
1168 2207 1370 2287 Subsidium,
1385 2208 1479 2272 nihil.

416 2345 469 2408 De
485 2347 671 2410 medietate
685 2366 740 2412 un.
752 2345 776 2410 f.
788 2366 833 2410 m.
846 2365 945 2429 quam
959 2346 1057 2409 abbas
1073 2348 1113 2409 de
1128 2345 1215 2409 Mira
1226 2346 1319 2409 Valle
1335 2350 1428 2409 tenet
1442 2345 1478 2407 in
1489 2346 1812 2424 Bssursnernoaes,
1821 2365 1885 2409 non

372 2434 578 2516 respondent
594 2434 732 2517 eoquod
747 2433 845 2497 solvit
860 2442 938 2513 xm,
955 2436 1041 2497 sieut
1055 2439 1119 2499 ete.
1165 2433 1367 2513 Subsidium,
1383 2430 1478 2497 nihil.
1535 2444 1537 2451 “

415 2571 469 2635 De
485 2577 607 2655 quarta
622 2577 714 2656 parte
728 2592 783 2637 un.
798 2571 821 2637 f.
836 2592 882 2637 m.
898 2593 997 2655 quam
1014 2572 1100 2655 prior
1116 2571 1227 2635 Sancti
1244 2572 1266 2635 J
1267 2570 1402 2634 ohannis
1418 2569 1598 2633 Jerusalem
1612 2571 1649 2633 in
1658 2570 1777 2654 Anglia
1795 2574 1886 2634 tenet

261 2671 262 2674 ’
372 2658 408 2720 in
424 2660 545 2725 PARVA
560 2661 771 2738 Persarum,
788 2679 852 2723 non
875 2660 1072 2743 respondent
1097 2680 1134 2723 eo
1149 2660 1234 2742 quod
1249 2660 1349 2723 solvit
1372 2666 1448 2738 xm,
1474 2658 1559 2721 sieut
1580 2664 1642 2723 etc.
1689 2656 1887 2736 Subsidium,

373 2752 558 2811 onerantur
572 2768 668 2831 super
682 2754 872 2832 compotum
887 2748 928 2811 de
943 2750 1031 2813 mad.

418 2885 470 2949 De
503 2885 619 2948 abbate
645 2885 830 2967 Leyeestrie
851 2906 910 2969 pro
925 2890 1041 2969 quarta
1056 2891 1148 2968 perte
1163 2906 1218 2949 un.
1234 2884 1259 2949 i*
1273 2905 1317 2949 m.
1334 2905 1431 2968 quam
1447 2888 1537 2947 tenet
1554 2884 1588 2946 in
1604 2884 1837 2961 Brrssswsnn,
1853 2888 1888 2947 et

376 2994 479 3055 quam
499 2972 660 3036 Ricardus
675 2972 816 3035 Shulton
830 2993 933 3055 nuper
948 2974 1060 3036 tenuit
1074 2973 1207 3049 ibidem,
1220 2973 1306 3036 sieut
1321 2978 1383 3037 ete.
1429 2970 1629 3049 Subsidium,
1647 2973 1734 3035 rud.

419 3109 471 3173 De
491 3108 619 3172 Thema
633 3108 845 3192 Kynnesmen
861 3128 918 3192 pro
933 3129 989 3174 un.
1005 3109 1027 3173 f.
1043 3130 1087 3174 m.
1105 3109 1191 3192 quod
1206 3112 1298 3172 tenet
1313 3110 1351 3172 in
1367 3110 1554 3183 sermore,
1569 3113 1602 3171 et
1618 3106 1703 3192 quod
1721 3105 1888 3173 Johaunes

375 3196 530 3282 Paynell,
546 3197 652 3274 miles,
666 3197 829 3281 quondam
842 3198 955 3260 tenuit
968 3196 1103 3272 ibidem,
1118 3198 1205 3258 sieut
1220 3204 1283 3260 ete.
1329 3195 1530 3272 Subsidium,
1546 3196 1621 3281 vj.s.
1639 3194 1745 3280 viijd.

356 3346 360 3357 ’
420 3337 475 3399 De
505 3334 695 3398 Elisabeths
718 3334 759 3397 de
784 3294 978 3419 Pedbrugge
1000 3355 1057 3418 pro
1083 3354 1139 3398 un.
1155 3333 1178 3398 f.
1195 3354 1239 3397 m.
1255 3333 1340 3417 quod
1366 3338 1459 3397 tenet
1484 3333 1729 3407 innumeros,
1754 3337 1785 3396 et
1801 3334 1889 3417 quod

377 3422 484 3488 Fuleo
500 3423 542 3486 de
558 3422 753 3507 Penbrugge
768 3442 873 3506 nuper
888 3424 998 3486 tenuit
1014 3422 1146 3501 ibidem,
1164 3421 1249 3484 sieut
1266 3426 1327 3485 etc.
1373 3420 1574 3500 Subsidium,
1589 3422 1666 3506 vj.s.
1682 3420 1791 3505 viij.d.

419 3562 473 3626 De
492 3561 641 3625 Jobanne
655 3561 774 3628 Woner
787 3566 821 3624 et
836 3558 985 3624 Johanne
1001 3558 1115 3623 Colsrd
1137 3579 1196 3641 pro
1221 3558 1399 3621 medietate
1420 3578 1476 3622 un.
1493 3559 1515 3623 f.
1532 3577 1690 3641 mquam
1717 3563 1830 3621 tenent
1853 3557 1888 3620 in

379 3651 531 3716 Wsnnou
556 3656 592 3712 et
618 3649 908 3726 Ksnurneworsrn,
930 3655 965 3711 et
991 3667 1089 3731 quam
1113 3645 1274 3709 Robertus
1289 3645 1408 3708 Woner
1433 3651 1467 3708 et
1481 3644 1643 3708 Robertus
1658 3642 1772 3708 Colard
1787 3664 1890 3729 nuper

381 3743 566 3802 tenuerunt
581 3737 715 3814 ibidem,
725 3737 818 3799 sieut
834 3746 896 3800 ete.
942 3734 1145 3812 Subsidium,
1159 3733 1240 3818 iijs.
1257 3733 1354 3818 iiijs.

1144 3871 1255 3934 Feoda
1269 3871 1415 3932 militum
1426 3869 1547 3954 :-viij.
1564 3869 1586 3933 f.

654 3917 789 3980 Summa
802 3917 900 3980 istius
914 3902 1075 3979 hundredi
1146 3957 1335 4022 Subsidium
1347 3957 1461 4043 3-15,
1468 3980 1493 4022 ,0
1509 3957 1610 4042 ἧφι,

847 4375 1068 4440 Hunnsenun
1091 4393 1135 4438 nn
1159 4359 1440 4439 SPARKENHO.

427 4579 483 4644 De
512 4574 687 4639 heredibus
716 4572 840 4637 Thome
870 4573 1050 4637 Harecourt
1079 4593 1137 4656 pro
1166 4571 1342 4635 medietate
1372 4590 1429 4636 un.
1460 4571 1484 4635 f.
1515 4591 1681 4653 mquam
1713 4576 1827 4634 tenent
1857 4572 1892 4634 in

386 4665 588 4838 ξῗῐπὲξτῇ,
602 4670 638 4726 et
651 4683 750 4746 quam
764 4660 930 4725 Johennes
940 4661 1027 4744 Grey
1042 4660 1204 4744 quondam
1218 4660 1330 4723 tenuit
1345 4657 1481 4735 ibidem,
1492 4659 1578 4721 sieut
1591 4667 1652 4723 ete.
1691 4657 1891 4739 Subsidium,

429 4891 485 4953 De
507 4887 678 4952 heredibus
700 4884 890 4950 Elisabethe
913 4886 955 4950 de
982 4885 1092 4970 Burgo
1116 4905 1174 4967 pro
1197 4885 1373 4947 medietate
1399 4903 1453 4946 un.
1474 4881 1498 4947 f.
1523 4903 1568 4946 m.
1593 4903 1692 4966 quam
1717 4888 1832 4948 tenent
1858 4885 1892 4947 in

387 4978 647 5054 Bocnnnnsron‚
672 4981 707 5038 et
733 4995 832 5058 quam
855 4972 1047 5038 Elisabetha
1072 4974 1114 5036 de
1142 4972 1249 5057 Burgo
1275 4971 1438 5054 quondam
1456 4972 1563 5034 tenuit
1577 4971 1712 5050 ibidem,
1728 4973 1815 5035 sieut
1829 4977 1891 5036 ete.

390 5064 597 5140 Subsidium,
612 5062 694 5147 iijs.
710 5061 809 5148 iiij.d.

433 5203 487 5266 De
512 5199 687 5264 heredibus
711 5199 868 5264 Anketini
892 5200 1023 5263 Mallori
1047 5220 1106 5281 pro
1135 5203 1251 5281 quarta
1280 5201 1372 5280 parte
1399 5215 1454 5261 un.
1479 5197 1502 5261 i.
1527 5217 1572 5262 m.
1598 5216 1696 5280 quem
1719 5201 1835 5262 tenent
1860 5199 1894 5261 in

391 5293 588 5444 181&me
581 5289 763 5442 Mfflonn
777 5293 812 5351 et
828 5305 926 5370 quam
942 5287 1126 5350 Anketinus
1149 5285 1288 5367 Mellory
1312 5305 1418 5367 nuper
1444 5285 1553 5346 tenuit
1578 5282 1713 5396 ibidem,
1728 5287 1815 5349 sient
1830 5291 1892 5350 ete.

589 5427 599 5458 ,
658 5426 666 5442 .
697 5426 705 5441 .

435 5517 488 5579 De
515 5516 676 5594 Alienora,
700 5515 831 5577 domina
855 5514 895 5577 de
919 5512 1042 5589 Lovell,
1069 5532 1127 5594 pro
1150 5515 1268 5595 quarta
1292 5513 1387 5592 parte
1417 5529 1474 5574 un.
1497 5509 1523 5573 i.
1551 5529 1596 5574 m.
1620 5529 1718 5593 quam
1742 5491 1836 5574 'tenet
1860 5511 1894 5572 in

393 5607 617 5678 Braswoarn,
640 5609 675 5665 et
701 5623 798 5685 quam
825 5600 963 5668 Matillis
986 5600 1028 5662 de
1058 5598 1188 5663 Holsnd
1217 5598 1381 5681 quondam
1410 5597 1518 5660 tenuit
1549 5597 1681 5676 ibidem,
1713 5599 1797 5660 sieut
1827 5605 1890 5664 ete.

396 5692 598 5769 Subsidium,
614 5691 704 5754 sind.

438 5829 490 5894 De
515 5829 597 5893 duee
621 5827 825 5892 Gloueestrie
851 5847 908 5910 pro
931 5829 1046 5910 quarta
1068 5828 1160 5908 parte
1183 5843 1239 5887 un.
1255 5822 1277 5886 f.
1294 5842 1338 5887 m.
1355 5842 1454 5904 quam
1480 5825 1571 5884 tenet
1590 5822 1625 5882 in
1640 5805 1845 5902 Nemesion,
1860 5829 1893 5887 et

397 5939 493 6010 quam
509 5937 618 5983 eomes
633 5914 842 5984 Pembroehie
857 5914 1021 6004 quondam
1035 5913 1145 5980 tenuit
1159 5910 1292 5994 ibidem,
1307 5909 1391 5973 sicut
1406 5919 1469 5976 ete.
1515 5907 1715 5988 Subsidium,
1730 5913 1822 5978 und.
