5000 7050
1147 1094 1232 1173 Ab.
1257 1108 1354 1173 1428.
1938 1109 2000 1173 881

547 1386 595 1451 De
618 1388 756 1453 Rienrdo
772 1390 869 1477 Wyot
891 1412 950 1475 pro
976 1392 1156 1458 medietate
1179 1394 1203 1480 j.
1221 1395 1243 1460 f.
1260 1414 1305 1457 m.
1330 1414 1428 1478 quem
1452 1397 1544 1456 tenet
1567 1394 1602 1455 in
1630 1392 1820 1470 Srsrrwnnn,
1849 1413 1912 1477 que
1938 1392 2002 1455 fuit
2084 1378 2087 1381 ⁴

504 1472 629 1559 Psgnni
654 1477 694 1541 de
719 1475 812 1542 Olsro
836 1478 963 1561 Monte,
989 1486 1024 1545 et
1037 1502 1136 1567 quum
1151 1479 1317 1544 Johnnnes
1332 1482 1417 1544 filius
1433 1480 1575 1544 Simonis
1591 1481 1703 1544 Fuller
1718 1501 1820 1563 nuper
1837 1481 1944 1543 tenuit
1962 1481 2001 1542 de

505 1558 625 1627 bonore
641 1565 796 1648 predicto.
841 1565 1028 1631 Subsidium
1043 1567 1127 1655 iiis.
1143 1567 1242 1655 iiijd.

547 1698 596 1764 De
610 1699 759 1767 Jobsnne
772 1701 952 1768 ‘l'iebeborn
967 1693 1024 1788 pro
1039 1706 1216 1770 medietate
1225 1706 1254 1789 j.
1269 1706 1292 1767 f.
1309 1726 1353 1771 m.
1370 1726 1468 1788 quam
1484 1710 1578 1768 tenet
1593 1706 1627 1768 in
1646 1705 1836 1783 Srsuwnnn,
1863 1725 1924 1786 que
1939 1702 2004 1767 fuit

505 1787 623 1851 Ervisii
651 1788 834 1875 Mnlymnus
859 1796 894 1855 et
919 1813 1018 1875 quam
1043 1792 1161 1877 Guydo
1187 1792 1295 1877 Bryan
1310 1800 1345 1857 et
1360 1793 1503 1877 Rogerns
1518 1791 1698 1856 Tisheborn
1714 1812 1814 1875 nuper
1829 1798 2005 1855 tennerunt

505 1874 544 1937 de
559 1874 678 1940 honore
691 1878 848 1961 predicto.
894 1878 1082 1945 Subsidium
1096 1880 1179 1968 iiqu.
1195 1880 1295 1969 iiiju.
1747 1875 1750 1879 ⁵
1866 1882 1875 1900 ’

548 2012 762 2085 Deltoberto
790 2017 920 2081 Wnrner
948 2037 1006 2101 pro
1030 2018 1208 2083 medietate
1233 2019 1261 2103 j.
1287 2018 1309 2085 f.
1335 2041 1380 2084 m.
1406 2039 1505 2104 quum
1529 2023 1620 2082 tenet
1645 2019 1679 2080 in
1706 2020 1824 2097 Porus,
1854 2038 1917 2102 que
1940 2018 2005 2081 suit

507 2099 644 2167 walteri
669 2104 710 2168 de
735 2104 767 2169 ln
793 2104 904 2189 Poyle,
930 2111 966 2169 et
991 2126 1090 2191 quam
1112 2106 1291 2171 Nieholnns
1314 2107 1354 2169 de
1378 2107 1409 2169 la
1436 2105 1597 2189 Dispenee
1625 2108 1744 2184 tenuit,
1767 2107 1809 2169 de
1834 2106 2005 2168 heredibus

504 2188 642 2271 predicti
689 2189 848 2256 Jobennis
896 2192 936 2255 de
984 2194 1226 2258 Hnntereombe
1271 2191 1342 2281 [de]
1386 2194 1534 2278 predicto
1581 2194 1725 2256 manerio
1761 2194 1800 2256 de
1838 2191 2004 2255 Burnhnm

548 2412 595 2477 De
610 2414 755 2479 Henrieo
771 2413 895 2493 Somer,
909 2417 1044 2481 custode
1058 2417 1176 2481 cambii
1192 2418 1280 2501 regis
1294 2416 1380 2479 infra
1400 2416 1527 2479 turrim
1551 2415 1731 2494 Londonie‚
1745 2438 1803 2500 pro
1829 2413 2006 2481 medietate

502 2500 563 2587 j.f.
579 2521 737 2589 mquam
762 2508 849 2567 tenet
873 2504 905 2565 in
932 2504 1158 2583 Hsunwonru
1183 2525 1245 2589 que
1270 2505 1335 2567 fuit
1362 2504 1493 2570 Henrisi
1521 2502 1640 2579 Durell,
1662 2510 1697 2567 et
1723 2525 1821 2587 quum
1836 2503 2002 2568 Johnnnes

507 2588 614 2651 Derell
628 2609 731 2673 nuper
745 2592 855 2654 tenuit
871 2591 911 2654 de
927 2589 1045 2655 honore
1061 2593 1101 2655 de
1117 2590 1340 2675 Wslyngtord.
1385 2589 1575 2653 Subsidium
1621 2639 1629 2655 .
1677 2640 1684 2657 .
1731 2640 1739 2657 .
1787 2604 1799 2656 .'
1842 2641 1850 2657 .

548 2724 596 2789 De
619 2725 759 2790 Riserdo
783 2708 995 2811 Broune'pro
1017 2728 1044 2812 j.
1064 2728 1084 2793 f.
1102 2749 1146 2793 m.
1162 2729 1248 2812 quod
1274 2732 1368 2791 tenet
1389 2729 1423 2789 in
1446 2727 1689 2806 Hnsnruerou,
1705 2728 1791 2811 quod
1806 2727 1870 2791 fnit
1885 2728 2003 2811 Rogeri

506 2812 741 2987 meina&
754 2816 840 2899 quod
856 2815 1040 2879 Wiilelmus
1067 2815 1237 2913 Herpeden
1264 2816 1374 2878 tenuit
1398 2815 1439 2878 de
1465 2814 1584 2877 honore
1611 2816 1767 2898 predicto.
1814 2816 2002 2878 Subsidium

547 3039 594 3103 De
609 3038 699 3102 dioto
713 3040 847 3117 Milone,
862 3040 929 3104 filio
942 3046 977 3105 et
992 3042 1107 3105 berede
1118 3041 1250 3105 Riuardi
1265 3042 1306 3105 de
1321 3039 1524 3124 Wyndesore,
1533 3040 1616 3102 infre
1627 3044 1751 3102 etatem
1762 3044 1795 3103 et
1808 3042 1843 3101 in
1858 3040 2006 3103 custodia

507 3126 590 3211 regis
603 3126 773 3201 existente,
787 3148 845 3211 pro
859 3128 1036 3201 medietate
1050 3130 1074 3194 f.
1092 3150 1135 3194 m.
1150 3149 1251 3213 quam
1266 3136 1358 3192 tenet
1371 3130 1407 3190 in
1424 3128 1614 3205 Srsnwnnn,
1630 3134 1665 3189 et
1680 3148 1776 3211 quem
1794 3127 1949 3191 Ricardns
1964 3129 2005 3191 de

508 3213 704 3299 Wyndesore
719 3216 830 3281 tenuit
844 3215 885 3278 de
899 3214 1032 3278 domino
1047 3236 1123 3300 rege
1139 3216 1191 3283 ic.
1237 3216 1427 3279 Subsidium
1473 3264 1480 3279 .
1527 3264 1535 3278 .
1582 3219 1603 3278 .’
1638 3264 1646 3277 .
1693 3264 1701 3278 .

809 3395 944 3461 Summa
958 3398 1054 3461 istius
1069 3394 1228 3461 hundredi
1270 3352 1469 3504 gffi'fflm
1498 3400 1522 3501 ⁸·
1553 3400 1577 3502 ⁶,
1609 3402 1631 3503 ⁸,
1663 3400 1671 3415 ⁶

971 3775 1192 3843 Hnnnnnnnn
1214 3797 1259 3840 nn
1281 3772 1539 3841 ELETHORN.

550 3938 613 4002 Pro
628 3937 760 4002 domino
775 3937 975 4022 Lestrnunge
990 3959 1048 4022 pro
1057 3940 1085 4024 j.
1101 3939 1124 4004 f.
1140 3959 1185 4004 m.
1202 3939 1288 4023 qnod
1302 3944 1393 4002 tenet
1408 3940 1441 4000 in
1467 3938 1640 4015 Gonnum,
1655 3937 1742 4019 quod
1757 3938 1918 4019 quondum
1941 3940 2005 4002 fuit

509 4024 664 4089 Willelmi
687 4026 728 4089 de
754 4026 865 4111 Longe
890 4025 1001 4110 spata,
1016 4032 1051 4090 et
1075 4027 1162 4112 quod
1177 4027 1288 4089 Alesia
1311 4027 1350 4089 de
1368 4027 1465 4109 Laey,
1479 4046 1581 4109 nuper
1596 4027 1759 4088 comitissa
1775 4025 1956 4103 Linoolnie,
1970 4032 2005 4089 et

505 4119 617 4196 postes
645 4112 819 4176 Nioholsus
848 4114 889 4178 de
919 4113 1102 4198 Cantulupo
1131 4134 1234 4198 nuper
1272 4120 1445 4176 tenuerunt
1481 4113 1522 4175 de
1558 4111 1677 4176 honore
1714 4113 1755 4175 de
1785 4113 2005 4198 Walyngford.

508 4199 696 4265 Subsidium
712 4199 788 4284 vjs.
805 4199 914 4291 viiju.

550 4337 599 4402 De
622 4337 763 4402 Roberto
787 4337 905 4424 Olyver
931 4359 989 4422 pro
1011 4340 1035 4427 j.
1057 4337 1081 4406 f.
1104 4359 1151 4405 m.
1178 4339 1264 4424 quod
1291 4342 1383 4401 tenet
1408 4337 1442 4401 in
1468 4337 1614 4415 Densus,
1639 4337 1724 4422 quod
1755 4303 1916 4421 quondm
1942 4338 2029 4413 fnit

510 4425 655 4492 Metildis
670 4426 711 4489 de
725 4425 809 4490 Albo
823 4425 1035 4506 Menedemo,
1051 4430 1087 4490 et
1101 4425 1188 4512 quod
1207 4424 1389 4489 Willelmus
1403 4424 1514 4488 Luvell
1528 4431 1563 4488 et
1578 4423 1598 4486 J
1600 4422 1743 4487 ohannes
1768 4424 1881 4487 Lovell
1902 4445 2007 4508 nuper

507 4515 685 4577 tenuerunt
699 4513 738 4576 de
754 4512 875 4577 bonore
890 4514 1036 4598 predicto
1037 4561 1493 4582 .........

550 4651 600 4714 De
615 4649 763 4715 Johsnne
787 4648 971 4736 Shordyehe
993 4672 1051 4734 pro
1077 4651 1183 4716 tribus
1198 4651 1344 4736 pertibus
1355 4649 1382 4735 j.
1399 4651 1422 4716 f.
1439 4671 1484 4716 m.
1500 4671 1579 4733 ques
1595 4655 1685 4712 tenet
1699 4651 1734 4712 in
1749 4650 1927 4730 Yrrusnsrr,
1944 4671 2007 4736 qne

508 4739 670 4824 quendem
699 4739 832 4802 fuerunt
866 4738 1024 4804 Johnnnis
1060 4740 1321 4824 Trumpyngton,
1353 4746 1389 4802 et
1417 4759 1498 4822 quas
1526 4736 1692 4801 Johunnes
1722 4736 1875 4800 Cburlton
1906 4759 2009 4822 nuper

508 4829 617 4890 tenuit
631 4827 673 4890 de
688 4823 807 4889 honore
821 4827 970 4910 predicto
972 4873 1370 4894 ........

552 4963 599 5028 De
613 4963 729 5028 nbbnte
744 4967 779 5026 et
793 4969 956 5029 conventu
971 4964 1253 5029 westmonasterii
1276 4983 1335 5046 pro
1350 4963 1455 5026 tribus
1470 4963 1618 5046 pertibus
1629 4962 1656 5046 j.
1673 4962 1697 5026 f.
1713 4982 1758 5026 m.
1775 4983 1853 5046 quas
1868 4968 1959 5030 tenet
1973 4965 2007 5027 in

509 5049 696 5132 Nourmm,
721 5070 784 5134 que
809 5053 971 5138 quondum
997 5052 1129 5117 fuerunt
1152 5053 1244 5116 Petri
1271 5051 1311 5113 de
1337 5049 1498 5127 Boteller„
1511 5056 1546 5112 et
1570 5070 1649 5131 quas
1676 5049 1793 5112 Simon
1812 5049 2009 5114 Fruuncesse

508 5158 609 5224 nnper
637 5140 749 5203 tenuit
776 5138 817 5202 de
846 5141 965 5203 sumite
996 5140 1187 5204 Herefordie
1218 5145 1255 5202 ut
1282 5137 1323 5200 de
1352 5139 1472 5202 honore
1498 5138 1537 5200 de
1563 5136 1775 5200 Maundevill.
1821 5137 2008 5249 Subsidium

550 5363 599 5428 De
613 5363 745 5427 domino
759 5361 908 5427 Johanne
922 5363 1110 5444 Dsrundell,
1125 5363 1244 5440 milite,
1260 5382 1318 5446 pro
1332 5361 1510 5425 medietate
1524 5361 1610 5424 feodi
1625 5366 1660 5425 et
1674 5360 1747 5444 viij·
1768 5365 1860 5441 perte
1880 5359 1905 5445 j.
1922 5359 1945 5424 s.
1962 5381 2007 5427 m.

509 5471 588 5535 quus
611 5456 703 5515 tenet
727 5452 763 5513 in
787 5450 1003 5530 Genusium),
1021 5473 1085 5537 que
1111 5451 1275 5536 quondum
1299 5449 1430 5513 fuerunt
1455 5449 1605 5512 Matildis
1628 5450 1667 5511 de
1694 5447 1852 5523 Harioun,
1873 5453 1909 5508 et
1930 5468 2009 5531 quus

508 5558 612 5602 eomes
635 5537 825 5602 Arundellie
849 5545 884 5600 et
910 5538 1061 5603 Alienors
1085 5559 1164 5603 uxor
1190 5539 1273 5621 ejus,
1287 5543 1326 5600 nt
1352 5536 1393 5600 de
1408 5536 1592 5600 hereditate
1609 5534 1742 5596 Henriei
1757 5532 1818 5595 filii
1833 5541 1868 5595 et
1882 5531 2010 5597 heredis

509 5623 667 5689 Jobsunis
702 5624 742 5687 de
772 5623 863 5689 Bello
892 5625 1021 5705 Monte,
1050 5647 1153 5710 nuper
1180 5629 1361 5688 tenuerunt
1390 5625 1430 5687 de
1462 5622 1583 5686 honore
1620 5622 1774 5705 predicte.
1820 5619 2009 5684 Subsidium

509 5710 591 5799 iija.
607 5711 709 5798 iiijmd

551 5847 599 5913 De
613 5849 764 5932 priorisse
778 5848 819 5912 de
834 5848 1017 5934 Ankerwyk
1032 5871 1091 5934 pro
1105 5852 1206 5914 tercie
1220 5854 1313 5933 purte
1322 5849 1350 5933 j.
1366 5848 1390 5914 f.
1406 5868 1452 5914 m.
1468 5867 1568 5930 quem
1582 5849 1673 5909 tenet
1686 5845 1721 5907 in
1737 5843 1954 5924 Gununronn,
1976 5851 2011 5908 et

509 5953 607 6017 quern
621 5935 767 6021 Rogerus
783 5935 976 6002 Messenden
992 5958 1096 6022 nuper
1110 5939 1221 6003 tenuit
1235 5938 1277 6000 de
1303 5938 1422 5999 honore
1446 5934 1604 6019 predicte.
1660 5981 1667 5996 .
1722 5981 1730 5995 .
1778 5977 1786 5992 .
1834 5978 1842 5994 .
1889 5976 1897 5993 .
1945 5979 1953 5996 .
2001 5981 2009 5997 .
