5000 7050
533 1075 597 1140 sss
896 1027 900 1034 ’
1188 1073 1409 1143 nonnoni.

578 1362 737 1426 Robertus
764 1363 924 1450 Harlyng‚
947 1365 1051 1441 miles,
1075 1371 1165 1428 tenet
1195 1365 1376 1428 inmediste
1406 1364 1447 1428 de
1477 1362 1651 1427 heredibus
1675 1365 1807 1426 domine
1833 1363 1982 1426 Metildis
2007 1366 2049 1428 de

534 1449 682 1531 Boyland
697 1457 782 1513 certa
798 1456 899 1514 terras
915 1458 948 1514 et
966 1458 1156 1516 tenementa
1170 1453 1203 1514 in
1221 1453 1290 1518 Esr
1300 1453 1550 1536 Hermumque
1567 1449 1729 1517 iohannes
1745 1451 1775 1514 le
1790 1450 1933 1514 Fsconer
1946 1471 2051 1534 nuper

534 1538 646 1600 tenuit
660 1557 718 1621 per
734 1539 909 1602 servicium
925 1539 970 1602 di.
984 1542 1008 1604 f.
1026 1561 1072 1604 m.

576 1687 725 1751 Preiatus
741 1687 899 1752 Robertus
914 1695 1006 1752 tenet
1021 1691 1198 1752 inmediate
1213 1690 1253 1752 de
1270 1691 1351 1753 duce
1367 1689 1544 1754 Norffolhie
1564 1697 1653 1756 certa
1670 1697 1771 1756 terras
1800 1697 1832 1756 ei
1861 1691 2051 1756 teneinenis

533 1776 568 1837 in
582 1775 704 1854 eadem,
721 1797 784 1859 que
799 1797 902 1858 nuper
917 1778 1051 1840 fuerunt
1067 1777 1209 1841 Simonis
1225 1777 1394 1862 Filbrigge
1409 1799 1467 1862 per
1483 1781 1656 1844 servicium
1672 1781 1721 1864 iij.
1737 1782 1881 1866 partium
1893 1780 1921 1862 j.
1939 1779 1962 1844 f.
1978 1799 2025 1842 m.

579 1923 729 1988 Pressius
754 1925 912 1990 Robertus
940 1933 1031 1990 tenet
1057 1927 1233 1989 inmediste
1260 1927 1300 1990 de
1315 1923 1487 1990 heredibus
1504 1927 1654 2012 Hugonis
1669 1929 1700 1993 le
1715 1929 1781 1992 Ver
1795 1933 1883 1993 certa
1897 1934 1999 1992 terres
2015 1933 2050 1989 et

535 2019 732 2165 ffinpmpptu,
759 2035 823 2096 que
847 2035 950 2098 nuper
973 2014 1106 2077 fuerunt
1132 2013 1268 2077 Milonis
1289 2014 1478 2100 Hastynges
1493 2016 1527 2078 in
1544 2016 1788 2098 vinvnnrrnsn
1804 2037 1860 2101 per
1875 2015 2048 2078 servicium

576 2241 724 2308 Pressius
741 2247 898 2311 Robertus
914 2255 1007 2312 tenet
1021 2251 1196 2316 inmediate
1211 2253 1252 2315 de
1269 2249 1437 2315 heredibus
1459 2249 1593 2314 Milonis
1619 2251 1805 2335 Hestynges
1829 2257 1918 2312 certa
1943 2254 2046 2310 terras

532 2338 570 2482 di
591 2336 780 2478 tfenementa
802 2337 837 2397 in
864 2337 989 2412 eadem,
1013 2357 1078 2420 qne
1103 2359 1205 2422 nuper
1231 2341 1363 2402 fuerunt
1388 2339 1547 2404 iohannis
1573 2341 1603 2402 le
1633 2338 1774 2401 Fauoner
1798 2357 1855 2420 per
1870 2335 2044 2399 servicium

573 2465 580 2481 .
611 2441 680 2484 .m.

576 2555 792 2621 Christoforus
821 2559 982 2646 Straunge
1012 2567 1106 2624 tenet
1135 2562 1311 2624 inmediste
1342 2563 1381 2624 de
1412 2562 1581 2625 heredibus
1611 2560 1732 2646 Tregoz
1763 2563 1851 2624 certa
1876 2567 1977 2623 terras
2008 2566 2045 2623 et

534 2649 721 2707 tenementis
735 2646 770 2708 in
785 2647 1089 2716 Rmrnnnswonrns
1104 2670 1162 2732 per
1177 2650 1349 2712 servicium
1364 2655 1478 2732 quarte
1494 2649 1596 2733 partis
1611 2648 1634 2734 j.
1652 2648 1673 2711 f.
1690 2669 1736 2715 m.

577 2795 735 2860 Robertus
750 2797 944 2864 Berdevveile
958 2805 1050 2864 tenet
1065 2801 1243 2864 inmediate
1259 2801 1300 2864 de
1315 2801 1483 2864 heredibus
1498 2799 1631 2864 Roberti
1646 2796 1812 2863 Tatishaie
1830 2805 1916 2862 certa
1938 2804 2043 2861 terres

533 2893 568 2948 et
581 2891 769 2950 tenementa
783 2886 817 2949 in
835 2887 1012 2954 Gssruonr
1025 2909 1083 2971 per
1097 2889 1270 2951 servicium
1285 2887 1329 2952 di.
1347 2889 1368 2953 f.
1386 2909 1431 2954 m.

445 3101 456 3119 ‚
577 3037 723 3102 Pressius
739 3039 898 3103 Robertus
915 3039 1105 3104 Berdevvelle
1121 3047 1212 3104 tenet
1227 3041 1405 3104 inmediate
1420 3047 1506 3104 certa
1522 3046 1625 3104 terras
1640 3044 1674 3104 et
1689 3043 1875 3103 tenemento
1889 3037 1924 3100 in
1942 3035 2044 3103 Wnsr

532 3125 697 3192 Hes-nvnc
713 3147 769 3208 per
784 3128 956 3190 servicium
971 3137 1086 3212 quarte
1101 3129 1204 3212 partis
1213 3127 1241 3211 j.
1258 3127 1281 3193 f.
1299 3149 1344 3196 m.
1362 3128 1402 3192 de
1417 3126 1590 3192 heredibus
1606 3127 1763 3193 Johannis
1779 3124 1839 3188 iilii
1855 3123 1964 3190 Alani.

576 3278 726 3342 Preiatus
741 3277 897 3342 Robertus
913 3285 1004 3342 tenet
1018 3280 1194 3346 inmediste
1210 3281 1250 3344 de
1265 3279 1436 3344 heredibus
1452 3278 1612 3347 ,Iohannis
1628 3277 1687 3341 filii
1703 3277 1797 3341 Alani
1822 3279 1910 3340 ceris
1937 3282 2043 3338 terras

534 3372 568 3430 et
582 3372 772 3430 tenementa
785 3367 821 3428 in
835 3367 947 3430 eudem
963 3387 1020 3450 per
1034 3369 1204 3432 servicium
1219 3378 1335 3451 quarte
1350 3369 1452 3452 partis
1463 3367 1492 3452 j.
1508 3367 1532 3431 f.
1549 3389 1594 3432 m.

577 3513 735 3599 Georgius
766 3511 919 3578 Sekiorde
948 3520 1042 3579 tenet
1071 3517 1248 3581 inmedisie
1279 3522 1366 3582 certe
1396 3520 1498 3581 terres
1527 3521 1562 3580 et
1591 3517 1777 3579 tenemento
1805 3513 1845 3576 de
1869 3510 2043 3576 heredibus

534 3600 692 3670 Johannis
710 3602 892 3686 Hastynges
906 3604 941 3665 in
957 3605 1070 3667 ecdem
1084 3625 1141 3687 per
1156 3606 1330 3668 servicium
1345 3612 1460 3689 quarte
1475 3606 1577 3687 partis
1587 3603 1615 3687 j.
1631 3603 1654 3667 i.
1669 3625 1714 3669 m.

577 3758 738 3821 Robertus
753 3757 949 3823 Berdewelle
964 3765 1056 3823 tenet
1071 3760 1250 3825 inmediste
1265 3762 1304 3823 de
1319 3761 1477 3838 Johunne,
1492 3760 1573 3822 duce
1588 3756 1771 3838 Bedfordie,
1787 3762 1877 3821 ceris
1891 3762 1992 3822 terres
2006 3766 2044 3821 et

532 3852 720 3911 reuomente
735 3847 771 3909 in
786 3845 918 3914 Mronrn
934 3848 1099 3937 Hunnvno
1114 3869 1170 3931 per
1186 3850 1359 3912 servicium
1375 3848 1420 3914 di.
1436 3848 1460 3912 f.
1477 3868 1524 3913 m.

577 3996 721 4059 Heredes
758 3994 980 4062 Bartholomei
1016 3997 1209 4062 Breaunsun
1246 4004 1363 4063 tenent
1399 3998 1575 4061 inmediste
1612 3998 1652 4059 de
1689 3994 1863 4059 heredibus
1910 3996 2041 4059 comitis

534 4082 736 4232 (ilpucestrie
751 4090 839 4147 certa
854 4090 955 4147 terras
971 4090 1006 4147 et
1021 4092 1212 4149 tenemento
1227 4088 1261 4148 in
1289 4087 1502 4153 Rusnwosrn
1528 4106 1583 4167 per
1610 4084 1779 4147 seminium
1804 4090 1917 4167 quarte
1941 4084 2044 4167 partis

535 4192 559 4257 J·
590 4192 661 4236 .m.

578 4308 722 4371 Heredes
737 4308 887 4371 Matildis
904 4308 1046 4372 Gunviie
1062 4316 1178 4372 tenent
1192 4311 1371 4373 inmediate
1386 4311 1425 4373 de
1441 4308 1612 4371 heredibus
1637 4308 1784 4392 Hugonis
1807 4306 1943 4377 Burdolf
1953 4314 2043 4371 certe

535 4402 637 4459 terres
651 4404 685 4459 et
699 4402 887 4459 tenementis
902 4396 936 4457 in
953 4397 1068 4459 eadem
1084 4418 1140 4480 per
1154 4399 1326 4461 servicium
1342 4404 1456 4481 quarte
1471 4398 1574 4479 partis
1584 4395 1612 4479 j.
1628 4396 1650 4458 f.
1667 4415 1711 4461 m.

577 4548 740 4614 iohannes
755 4546 864 4630 Tyrell
881 4554 974 4611 tenet
988 4548 1167 4611 inmediute
1181 4547 1222 4611 de
1237 4549 1319 4612 duce
1336 4546 1513 4610 Norffolkie
1527 4552 1614 4609 certa
1629 4552 1730 4609 terras
1743 4552 1778 4607 et
1801 4548 1985 4607 tenementis
2007 4544 2042 4605 in

535 4636 680 4703 Binum
696 4656 760 4717 que
775 4656 876 4718 nuper
889 4634 1023 4697 fuerunt
1039 4633 1197 4701 ‚Iohannis
1210 4635 1241 4698 le
1257 4635 1345 4718 Grey
1360 4655 1417 4717 per
1430 4634 1602 4697 servicium
1612 4633 1640 4717 j.
1656 4632 1680 4697 f.
1697 4654 1741 4697 m.

577 4791 682 4855 Adam
708 4790 818 4853 Nobbe
844 4794 931 4853 tenet
959 4791 1137 4855 inmediate
1163 4792 1203 4854 de
1229 4789 1401 4854 heredibus
1429 4789 1579 4873 Hugonis
1606 4788 1635 4851 ie
1663 4786 1725 4849 Ver
1759 4792 1847 4849 certa
1881 4792 1982 4848 terres
2008 4791 2043 4847 et

534 4885 721 4943 tenementis
736 4878 771 4940 in
787 4877 913 4953 eadem,
927 4898 990 4962 que
998 4884 1106 4961 'nuper
1121 4879 1255 4941 fuerunt
1271 4876 1418 4940 Nioholsi
1434 4874 1606 4940 Stonhovre
1631 4881 1665 4938 et
1689 4874 1876 4937 tenentium
1900 4891 2043 4948 snorum,

535 4966 671 5029 Walteri
686 4965 837 5044 Svonild‚
855 4964 997 5028 Simonis
1011 4965 1126 5029 coiere
1142 4974 1177 5029 et
1191 4964 1327 5028 eliorum
1342 4966 1526 5028 tenentium
1541 4969 1703 5027 terrarum
1713 4960 1874 5045 quondam
1884 4959 2042 5026 Johsnnis

535 5054 607 5121 Bek
621 5074 680 5137 per
695 5052 865 5116 servicium
879 5060 993 5137 quarte
1007 5055 1108 5135 partis
1119 5052 1147 5138 j.
1164 5052 1186 5117 f.
1201 5073 1247 5119 m.

576 5209 738 5275 iohannes
752 5206 794 5270 de
809 5204 970 5281 Banhnm‚
979 5207 1093 5283 senior,
1105 5210 1195 5267 tenet
1210 5205 1389 5267 inmediaie
1405 5203 1444 5265 de
1459 5200 1632 5265 heredibus
1644 5198 1801 5267 iohannis
1816 5197 1857 5262 de
1871 5194 1941 5263 Belr
1953 5202 2042 5259 certa

532 5308 634 5359 terras
658 5302 691 5358 et
714 5299 900 5357 tenementis
923 5294 956 5355 in
982 5292 1106 5369 eudem,
1129 5312 1191 5376 qus
1217 5312 1319 5375 nuper
1343 5291 1476 5353 fuerunt
1502 5290 1633 5353 domine
1658 5288 1798 5351 Hsvvisie
1822 5286 1852 5348 le
1869 5282 2039 5360 Mummii,

533 5384 689 5538 dissielssi
724 5380 873 5488 Bsnhsm
909 5386 942 5443 et
972 5380 1155 5443 tenentium
1185 5380 1349 5462 qnondam
1380 5378 1507 5441 Rober'ri
1539 5377 1579 5439 de
1610 5373 1757 5441 Bnnham
1787 5394 1843 5456 per
1869 5372 2041 5435 servicium

575 5621 596 5687 J
597 5618 741 5684 ohannes
754 5614 858 5699 Tyrell
874 5619 968 5676 tenet
983 5612 1159 5675 inmediste
1173 5614 1214 5676 de
1229 5611 1402 5677 heredibus
1419 5612 1549 5674 comitis
1564 5608 1770 5674 Glouoestrie
1785 5612 1873 5669 certa
1887 5612 1987 5669 terras
2007 5612 2041 5667 et

531 5715 717 5773 tenemento
730 5707 766 5767 in
781 5703 908 5778 eadem,
925 5720 988 5784 que
1004 5720 1105 5783 nuper
1120 5702 1254 5765 fuerunt
1269 5697 1426 5762 Willelmi
1444 5700 1473 5761 le
1500 5698 1643 5762 Marchal
1670 5718 1725 5781 per
1748 5694 1917 5757 servicium
1940 5692 2042 5755 tercie

535 5796 638 5881 partis
647 5814 676 5877 J
693 5792 717 5858 f.
733 5812 781 5857 m.

579 5931 700 5993 Dicunt
715 5930 816 5991 eciam
827 5926 989 6010 juratores
1004 5925 1144 6009 predicti
1161 5926 1247 6011 quod
1263 5922 1353 5988 nulle
1368 5930 1444 5987 sunt
1459 5923 1520 5987 alie
1534 5940 1668 6006 persone
1688 5919 1745 5983 dc.
