5000 7050
570 1069 611 1131 64
1265 1063 1395 1131 ΚΕΝΤ.

616 1355 713 1435 Item,
729 1354 895 1420 iohannes
907 1355 1038 1439 Wykes,
1051 1357 1092 1420 de
1108 1356 1209 1440 Seynt
1224 1356 1368 1421 Laurens
1383 1358 1419 1419 in
1433 1357 1568 1436 Taneto,
1580 1354 1774 1441 gentilman,
1784 1354 1851 1419 fuit
1865 1354 1995 1418 seisitus
2009 1357 2078 1421 etc.

569 1445 610 1506 de
637 1444 781 1507 manerio
804 1443 846 1507 dc
870 1444 1090 1511 Ussuacouas
1109 1446 1143 1508 in
1160 1445 1312 1528 parochia
1330 1444 1448 1512 Sauum
1465 1444 1651 1511 Lauanuorr
1665 1446 1700 1507 in
1714 1444 1838 1507 Tanetc
1853 1444 1887 1504 in
1903 1439 2078 1505 hundredo

570 1532 725 1615 predicto,
741 1550 817 1616 cnm
844 1533 1064 1615 pertinenciis,
1088 1529 1332 1619 [quiquidem]
1360 1533 1468 1596 estin
1494 1532 1641 1597 custodia
1667 1531 1792 1594 domini
1821 1531 1906 1613 regis
1936 1529 2079 1594 durante

570 1621 695 1682 minore
712 1624 801 1682 etate
816 1640 883 1698 sua,
899 1619 986 1703 quod
1003 1625 1136 1684 tenetur
1149 1640 1208 1704 per
1223 1621 1395 1684 servicium
1411 1640 1467 1686 un.
1485 1620 1508 1686 f.
1525 1640 1570 1685 m.
1588 1620 1718 1704 integri.

615 1765 711 1845 Item,
726 1765 813 1829 idem
827 1764 992 1829 Johannes
1009 1766 1074 1830 fuit
1089 1767 1233 1843 seisitus,
1250 1767 1305 1828 die
1321 1772 1354 1829 et
1370 1784 1455 1828 anno
1471 1765 1676 1850 supradictis,
1691 1764 1732 1829 dc
1748 1766 1894 1831 manerio
1908 1763 1949 1828 de
1966 1762 2078 1832 Sanus

573 1873 648 1916 cnm
675 1854 888 1937 pertinenciis
911 1855 946 1916 in
971 1854 1049 1917 villa
1072 1853 1114 1917 de
1140 1853 1392 1921 Sutunurconss
1416 1855 1452 1915 in
1466 1854 1593 1916 'Ianeto
1607 1854 1644 1915 In
1658 1851 1827 1917 hundredo
1841 1853 1986 1935 predicto
2000 1872 2078 1914 cum

572 1941 791 2024 pertinenciis,
803 1941 890 2024 quod
905 1941 1039 2025 quidem
1054 1946 1106 2005 est
1120 1942 1155 2003 in
1174 1939 1526 2005 custodiavenerabiiis
1542 1940 1666 2004 domini
1684 1940 1826 2018 Henrici,
1842 1938 2078 2023 archiepiscopi

573 2028 825 2109 cantuariensis,
852 2028 991 2093 durante
1015 2029 1139 2092 minore
1165 2033 1254 2092 etate
1282 2049 1348 2107 sua,
1375 2026 1460 2112 quod
1485 2033 1617 2091 tenetur
1643 2050 1699 2112 per
1725 2028 1896 2092 servicium
1917 2047 1973 2091 un.
1992 2026 2014 2091 s.
2030 2047 2076 2092 m.

572 2117 705 2199 integri.

616 2256 714 2336 Item,
739 2254 838 2320 abbas
865 2254 978 2319 Sancti
1002 2256 1189 2339 Augustini,
1216 2254 1400 2335 cantuarie,
1426 2261 1461 2319 et
1485 2252 1633 2338 ejusdem
1656 2254 1719 2317 loci
1742 2259 1921 2317 conventus
1944 2252 2077 2317 suerunt

573 2343 678 2407 seisiti
693 2347 756 2408 etc.
772 2343 814 2406 de
830 2345 976 2407 manerio
991 2344 1031 2406 de
1050 2345 1148 2409 Daue
1164 2364 1239 2407 cum
1254 2343 1466 2426 pertinenciis
1481 2344 1517 2406 in
1533 2340 1681 2425 parochia
1707 2341 1826 2410 Sarrum
1850 2342 2014 2408 Jonaruus
2038 2342 2076 2403 in

573 2431 696 2494 Taneto
710 2431 747 2494 in
761 2429 929 2494 hundredo
944 2432 1101 2514 predicto,
1118 2431 1204 2515 quod
1220 2436 1352 2494 tenetur
1368 2452 1424 2513 per
1439 2431 1612 2494 servicium
1627 2450 1683 2495 un.
1698 2428 1722 2495 f.
1739 2450 1782 2495 m.
1799 2430 1929 2513 integri,
1939 2428 1979 2492 de
1993 2448 2076 2491 novo

574 2520 788 2602 perquisitum
804 2522 878 2603 post
892 2539 1016 2582 annum
1031 2520 1220 2582 vicesimum
1236 2520 1321 2601 regis
1336 2517 1486 2581 Edwardi
1500 2521 1576 2600 post
1589 2521 1802 2601 conquestum
1814 2516 1931 2601 Angiie
1946 2516 2053 2600 prImi.

617 2664 704 2729 Item
717 2665 840 2744 dicunt,
856 2664 942 2749 quod
957 2685 1022 2729 non
1037 2671 1115 2729 sunt
1129 2666 1210 2729 talia
1224 2663 1317 2729 feoda
1337 2665 1484 2728 mititum
1508 2665 1636 2749 integra
1659 2682 1718 2727 nec
1742 2662 1880 2747 parcelie
1907 2661 2074 2726 feodorum

574 2753 731 2832 militum,
743 2753 784 2816 de
799 2754 918 2837 quibus
928 2773 1069 2836 expensa
1084 2753 1230 2817 militum
1246 2753 1393 2839 ejusdem
1408 2752 1584 2815 comitatus
1599 2750 1639 2814 ad
1654 2750 1808 2815 ultimum
1824 2749 2073 2834 parliamentum

574 2841 656 2904 dicti
682 2841 807 2903 domini
832 2842 919 2925 regis
942 2839 1117 2904 electorum
1143 2839 1308 2905 solomodc
1334 2841 1461 2903 onerari
1487 2839 1644 2905 deberent
1664 2840 1700 2901 in
1727 2836 1899 2902 hundredo
1922 2837 2074 2922 predicto,

573 2932 672 3013 prout
686 2927 842 3011 predictis
851 2929 1053 3011 juratoribus
1072 2932 1220 2992 constare
1235 2929 1369 3011 poterit.

619 3074 705 3137 Item
719 3072 941 3156 dicunt,quod
955 3073 1135 3136 Willelmns
1145 3073 1309 3151 Manstcn,
1322 3073 1362 3135 de
1380 3071 1530 3156 parochia
1545 3070 1658 3135 Sancti
1672 3071 1843 3135 Laurencii
1860 3071 1896 3134 in
1911 3069 2076 3135 hundredo

561 3161 720 3246 predicto
742 3158 964 3247 [fuitseisitus
980 3158 1058 3247 etc]
1080 3161 1121 3223 de
1137 3163 1235 3224 certis
1261 3161 1355 3224 terris
1380 3167 1414 3224 et
1438 3163 1638 3224 tenementis
1665 3181 1740 3223 cum
1764 3160 1989 3243 pertinenciis,
2013 3172 2076 3242 que

576 3249 685 3312 valent
699 3267 819 3311 annum
837 3248 925 3311 ultra
940 3249 1076 3331 reprisas
1092 3250 1162 3314 uli.

627 3393 750 3483 [Idem]
772 3395 954 3463 WilleImus
976 3392 1089 3482 [habet
1115 3396 1209 3480 plura
1232 3398 1333 3461 terras
1356 3401 1392 3460 et
1417 3400 1605 3461 tenementa
1628 3397 1664 3459 in
1688 3394 1800 3460 eodem
1823 3379 2020 3483 hundredo],
2036 3394 2076 3458 de

575 3503 708 3568 quoram
724 3484 829 3548 valore
842 3484 1007 3568 ignorant.

620 3622 716 3702 Item,
746 3621 911 3687 Jcbannes
952 3623 1082 3702 Berton,
1113 3622 1153 3686 de
1190 3621 1343 3706 parochia
1379 3622 1491 3688 Sancti
1530 3621 1626 3686 Pauli
1663 3623 1699 3686 In
1736 3623 1896 3687 oomItatu
1932 3622 2076 3708 predicto

575 3711 767 3796 gentilman,
791 3709 857 3814 tuit
880 3710 1012 3799 seisitus
1037 3718 1099 3821 etc.
1127 3711 1168 3775 de
1193 3712 1290 3774 certis
1313 3712 1407 3775 terris
1429 3719 1462 3775 et
1478 3712 1675 3776 tenementis
1689 3731 1765 3775 oum
1781 3711 1999 3796 pertinenciis,
2014 3728 2076 3793 que

577 3799 769 3950 vagitirietssi
781 3800 950 3951 IIIannes
964 3885 1072 3965 habet,
1089 3891 1152 3952 etc.

620 4024 716 4105 Item,
738 4021 930 4111 [Jcbannes]
961 4022 1088 4107 Thorpe
1111 4024 1151 4087 de
1175 4023 1331 4104 Lenbam,
1357 4025 1550 4109 gentilman,
1579 4025 1644 4090 fnit
1669 4026 1800 4090 saisitus
1824 4029 1887 4092 eto.
1912 4025 1952 4090 dc
1977 4023 2075 4088 certis

577 4115 672 4215 terris
695 4116 727 4175 et
753 4114 952 4176 tenementis
977 4131 1052 4175 oum
1076 4112 1286 4196 pertinenciis
1312 4114 1348 4176 in
1376 4113 1528 4197 parochia
1552 4113 1592 4178 de
1609 4113 1782 4193 Mnusrnn,
1798 4134 1862 4199 que
1878 4114 1988 4178 valent
2004 4117 2076 4191 etc,

581 4221 610 4264 V·
618 4202 666 4350 Iit
680 4287 768 4351 idem
782 4284 804 4349 J
806 4284 949 4351 ohannes
964 4286 1072 4366 habet,
1089 4291 1151 4352 etc.

621 4424 717 4506 Item,
729 4422 904 4488 Nicholaus
949 4473 1771 4491 ................
1789 4426 1853 4490 suit
1869 4427 1999 4490 seisitus
2015 4429 2077 4489 etc.

577 4513 619 4576 de
648 4513 746 4576 certis
774 4513 870 4615 terris
893 4518 927 4577 et
942 4517 1139 4578 tenementis
1162 4534 1236 4576 cum
1260 4517 1471 4597 pertinenciis
1497 4521 1532 4576 in
1562 4513 1713 4597 parochia
1742 4514 1781 4576 de
1812 4514 1984 4592 Marsuas,
2011 4533 2075 4596 que

578 4600 769 4751 valfiiideetrii
783 4603 961 4752 Iiiiirclaus
974 4686 1083 4767 habet,
1100 4693 1162 4753 etc.

622 4826 722 4903 item,
747 4825 887 4890 Thomas
913 4825 1073 4910 Loverpk,
1089 4827 1130 4890 de
1153 4825 1303 4910 parochia
1321 4826 1430 4891 Sancti
1448 4826 1539 4891 Petri
1554 4827 1594 4891 de
1609 4827 1790 4905 Sandvvico,
1804 4827 2000 4912 gentilman,
2015 4826 2079 4890 init

578 4915 709 5064 seisitup
734 4914 853 5066 epoptpe
867 4916 964 4978 certis
979 4916 1076 4978 terris
1090 4921 1126 4978 et
1141 4915 1337 4979 tenementis
1352 4935 1425 4978 cum
1444 4916 1655 4998 pertinenciis
1678 4916 1712 4978 in
1736 4916 1900 4983 Meuanas
1923 4916 2077 4999 predicta,

578 5021 791 5177 qupppippm
805 5051 1067 5163 Tiromashaioet,
1082 5052 1161 5177 eto]

622 5228 721 5305 Item,
730 5225 751 5290 J
752 5228 893 5291 ohannes
908 5226 1136 5311 Davndelyon,
1149 5227 1190 5291 de
1204 5225 1356 5312 parochia
1372 5227 1484 5291 Sancti
1499 5225 1662 5292 Johannis
1676 5227 1717 5291 de
1734 5227 1866 5310 Tanet0,
1879 5227 2079 5314 gentylman,

579 5315 643 5380 iuit
658 5316 790 5379 seisitus
804 5321 867 5378 eto.
878 5317 920 5379 de
935 5317 1033 5379 certis
1049 5319 1142 5379 terris
1158 5320 1191 5380 et
1205 5315 1401 5380 tenementis
1415 5336 1491 5378 cum
1505 5316 1716 5400 pertinenciis
1732 5316 1767 5380 in
1789 5317 1941 5400 parochia
1961 5317 2080 5384 Sarrum

579 5404 743 5470 Jonsnrus
760 5403 916 5486 predicta,
933 5423 996 5488 que
1011 5404 1122 5467 valent
1136 5409 1188 5467 etc
1190 5451 1470 5468 ......

622 5491 670 5556 lit
686 5491 774 5554 idem
789 5488 953 5554 Johannes
967 5489 1076 5570 habet,
1092 5495 1153 5556 eto.

621 5623 718 5706 Item,
734 5623 873 5689 Thomas
889 5622 1017 5709 Chyche
1031 5625 1073 5690 de
1097 5676 1650 5693 ...........
1673 5628 1739 5692 fuit
1765 5628 1895 5692 seisitus
1918 5629 1958 5694 de
1983 5631 2081 5695 certis

578 5714 674 5778 terris
690 5717 725 5776 et
739 5713 938 5777 tenementis
952 5733 1027 5816 cum
1043 5716 1256 5797 pertinenciis
1270 5717 1306 5779 in
1321 5715 1473 5800 parochia
1498 5716 1640 5783 Omuuu
1666 5716 1862 5786 sinoponus
1886 5717 1922 5782 in
1946 5717 2078 5798 Taneto,

585 5797 666 5952 [Ἦ
676 5797 1047 5968 isileiirlt'iiiiccriiraiiiabet,
1064 5892 1127 5954 etc.
