5000 7050
566 1080 630 1145 sss
834 1042 839 1051 ’
1207 1084 1419 1151 -uxuuouu

605 1369 656 1433 De
679 1370 844 1435 Willalmo
866 1374 898 1436 le
925 1374 1067 1438 Latimer
1088 1378 1222 1440 tanente
1246 1375 1327 1439 duas
1350 1379 1458 1460 partes
1472 1376 1497 1462 j.
1513 1374 1537 1442 f.
1554 1374 1587 1437 in
1606 1373 1867 1451 Huusaxuuuxu,
1885 1392 1963 1456 quas
1977 1371 2062 1434 idem

565 1457 749 1522 Willslmus
765 1460 930 1543 quondam
946 1464 1065 1526 tenuit.
2130 1461 2137 1471 ⁸

607 1584 656 1648 De
682 1585 845 1649 Willelmo
868 1588 900 1651 le
926 1588 1072 1652 Latimsr
1100 1592 1236 1653 tenente
1266 1592 1311 1653 ix.
1344 1596 1473 1673 partem
1502 1610 1559 1655 uu.
1586 1591 1610 1655 f.
1635 1589 1670 1651 iu
1698 1590 1817 1667 Busa,
1842 1586 1928 1671 quod
1958 1587 2065 1648 dictus

567 1670 754 1737 willelmus
769 1667 932 1757 quondam
947 1679 1067 1742 tenuit.

607 1798 656 1862 De
671 1800 834 1864 Willelmo
857 1802 889 1864 le
916 1802 1062 1867 Latimar
1084 1807 1218 1867 tanente
1245 1825 1317 1871 xxx.
1335 1807 1462 1887 partam
1488 1824 1543 1867 un.
1561 1806 1584 1868 f.
1601 1804 1637 1865 in
1662 1802 1877 1880 Suuswauou,
1898 1820 1979 1885 quas
1998 1802 2065 1877 (sic)

564 1886 650 1949 idem
665 1886 849 1952 Willelmus
863 1891 1027 1971 quondam
1043 1893 1163 1954 tenuit.

1005 2094 1119 2160 Fusus
1142 2095 1301 2161 ΤΗΟΜΕ
1326 2095 1386 2160 DE
1412 2094 1634 2162 GRYLLEY.

607 2227 657 2291 De
681 2226 852 2293 heredibus
874 2232 915 2294 de
941 2230 1133 2315 Founteney
1148 2239 1183 2296 el
1206 2232 1328 2297 Birouu
1355 2234 1542 2298 tenentibus
1566 2238 1716 2316 quartam
1740 2235 1869 2316 partem
1893 2232 1917 2317 j.
1933 2231 1957 2293 f.
1971 2249 2016 2293 m.
2032 2230 2067 2291 in

565 2315 756 2394 Bssusuax,
770 2337 868 2399 quam
884 2318 1048 2383 Roberlus
1063 2320 1104 2382 de
1120 2319 1244 2383 Burtou
1260 2321 1425 2403 quondam
1442 2322 1562 2385 tenuit.

606 2442 656 2507 De
670 2443 817 2509 Johanue
831 2445 899 2510 filio
914 2447 1061 2532 Philippi
1078 2455 1213 2513 tenente
1230 2471 1280 2515 xx.
1297 2456 1423 2531 partem
1439 2469 1494 2513 un.
1512 2450 1534 2512 f.
1552 2450 1586 2511 in
1601 2448 1812 2525 Souxauuux,
1823 2466 1921 2530 quam
1930 2446 2069 2510 Thomas

564 2530 605 2593 de
620 2531 768 2596 Araubus
783 2535 946 2617 quondam
962 2538 1084 2601 tenuit.

608 2658 656 2723 De
681 2660 829 2725 Johaune
854 2663 895 2726 de
920 2661 1081 2746 Skipwilh
1106 2670 1240 2728 tenente
1267 2667 1313 2731 di.
1330 2665 1353 2731 f.
1371 2668 1406 2729 in
1423 2665 1545 2744 Bxuuu,
1561 2666 1647 2746 quod
1674 2664 1844 2728 Gilbsrtus
1867 2664 1908 2725 de
1924 2662 2068 2725 Areubus

563 2748 727 2830 quondam
744 2751 864 2813 tenuit.

605 2877 654 2942 De
682 2876 831 2942 Johauua
862 2879 994 2958 Biroun,
1024 2823 1280 2960 Roberto·Oole,
1310 2880 1473 2943 Willelmo
1510 2880 1550 2945 da
1587 2880 1710 2944 Helwal
1748 2878 1935 2942 tenentibus
1964 2876 2010 2943 di.
2040 2876 2064 2942 f.

562 2965 632 3051 viij.
648 2971 773 3048 partam
788 2966 853 3052 vj¹¹
866 2973 991 3050 partem
1006 2966 1031 3051 j.
1046 2968 1070 3033 f.
1085 2968 1121 3031 in
1137 2968 1310 3045 stuuou
1325 2989 1388 3051 que
1405 2968 1520 3032 Gracia
1536 2968 1577 3033 de
1593 2967 1704 3031 Insula
1719 2966 1883 3050 quondam
1898 2964 2020 3030 tenuit.

551 3083 554 3086 ⁵
602 3092 651 3155 De
666 3095 770 3175 priore
784 3094 824 3157 de
838 3094 1022 3178 Bolynglon
1038 3100 1169 3159 iuuenta
1183 3095 1255 3181 viij.
1272 3102 1400 3179 partem
1416 3102 1450 3158 st
1476 3096 1752 3179 quintodecimam
1779 3098 1907 3177 partem
1936 3092 2018 3155 disti
2042 3092 2065 3155 f.

561 3201 624 3263 que
638 3180 751 3244 eadem
767 3181 886 3245 Grauia
902 3183 1024 3248 tenuit.

606 3304 655 3368 De
669 3303 786 3369 abbate
800 3306 841 3369 ds
858 3305 1056 3371 Kirlxsstede
1071 3312 1206 3371 tanente
1222 3329 1274 3373 xx.
1290 3312 1417 3390 partam
1432 3307 1515 3370 dieti
1530 3306 1554 3371 f.

877 3530 991 3596 Faous
1015 3530 1238 3598 JOHANNIS
1262 3531 1323 3596 DE
1349 3531 1765 3610 NEVILE,F0ausuxu11.

607 3664 656 3727 Da
685 3665 831 3730 Galfrido
862 3667 966 3730 Malet
993 3673 1125 3732 tanente
1154 3667 1178 3753 j.
1204 3668 1228 3733 f.
1254 3689 1299 3734 m.
1324 3670 1360 3731 in
1384 3670 1477 3747 Isau,
1503 3671 1587 3753 quod
1613 3668 1778 3733 Johaunes
1802 3668 1843 3732 de
1869 3667 2009 3753 Oweuby
2034 3672 2068 3731 et

563 3750 764 3838 Reginaldus
778 3755 820 3817 de
837 3753 985 3819 Carleton
1002 3757 1165 3840 quondam
1180 3760 1370 3821 tenuerunt.

607 3879 655 3943 De
671 3879 835 3945 Willelmo
859 3884 979 3966 Moyse
1004 3889 1139 3948 tenente
1162 3884 1187 3970 j.
1204 3885 1228 3951 f.
1244 3906 1289 3951 m.
1306 3886 1341 3948 in
1358 3885 1550 3962 Hxxmuuu,
1567 3884 1651 3967 quod
1676 3882 1811 3947 Jolsnus
1836 3883 1877 3946 de
1904 3882 2072 3968 Haylingg

563 3968 727 4051 quondam
742 3971 852 4033 tenuit
867 3972 902 4033 in
921 3972 1103 4037 Hauumuu
1118 3978 1154 4034 et
1170 3970 1248 4038 Guu.

608 4095 656 4159 De
682 4095 848 4160 Willelmo
871 4095 994 4161 Toohet
1019 4104 1152 4161 tenente
1178 4098 1224 4162 di.
1241 4099 1265 4163 f.
1281 4099 1317 4162 in
1335 4097 1458 4164 Misus
1483 4097 1600 4172 Cosas,
1616 4097 1704 4179 quod
1728 4095 1865 4161 Jolanus
1888 4097 1930 4160 de
1955 4095 2069 4160 Nevila

563 4183 728 4268 quondam
742 4185 863 4251 tenuit.

609 4311 657 4375 De
683 4311 831 4375 Johaune
853 4310 894 4374 de
912 4309 1008 4374 cotes
1023 4315 1161 4375 tenente
1177 4333 1207 4376 x.
1223 4314 1351 4394 partem
1367 4330 1423 4376 uu.
1441 4312 1464 4377 f.
1479 4312 1515 4374 iu
1530 4313 1638 4378 Pauus
1652 4311 1770 4392 Coum,
1786 4311 1872 4393 quod
1887 4309 2071 4374 Willelmus

566 4398 681 4463 Russsl
696 4399 862 4481 quondam
876 4401 996 4465 tenuit.

608 4527 657 4590 Da
687 4526 829 4591 Henriso
856 4526 888 4590 le
913 4526 1041 4611 Bayous
1078 4531 1213 4591 tenente
1247 4528 1292 4592 ix.
1321 4531 1427 4610 partas
1454 4525 1501 4592 di.
1529 4526 1553 4592 f.
1579 4531 1614 4590 st
1640 4527 1683 4592 lx.
1708 4530 1834 4609 parbem
1863 4525 1889 4611 j.
1918 4523 1941 4589 f.
1970 4545 2068 4607 quam

568 4615 749 4678 Willelmus
763 4615 803 4678 de
817 4614 945 4679 Baioois
959 4614 1123 4699 quondam
1139 4615 1251 4678 tenuit
1265 4616 1300 4677 iu
1317 4615 1513 4680 Lxuuxwou.

610 4744 659 4805 De
685 4744 790 4827 priors
815 4741 997 4826 Hospitalis
1021 4741 1131 4806 Sancti
1148 4740 1309 4806 Johannis
1323 4742 1505 4806 Jerusalem
1520 4743 1555 4804 in
1570 4741 1690 4826 Anglia
1704 4744 1838 4804 tenente
1854 4760 1925 4804 xxx.
1942 4746 2066 4822 partem

567 4831 650 4893 disti
665 4829 689 4895 f.
706 4831 740 4894 in
756 4830 914 4898 Lxuwou.

610 4958 657 5022 De
686 4959 843 5044 magistro
870 4959 994 5022 milicie
1017 4959 1144 5042 Templi
1173 4964 1303 5022 tenente
1333 4959 1395 5042 iiij.
1422 4962 1551 5040 partem
1573 4957 1599 5042 j.
1627 4957 1649 5022 f.
1673 4957 1707 5020 iu
1746 4956 1940 5035 Nouusuuu,
1970 4975 2065 5041 quam

567 5046 727 5112 Robertus
742 5047 774 5111 ls
788 5046 926 5128 Ourteys
941 5047 1105 5126 quondam
1121 5046 1242 5110 lenuit.

610 5173 658 5236 De
684 5173 811 5257 liugero
834 5173 875 5236 de
899 5173 1023 5256 (sxoxby
1047 5179 1181 5238 tenente
1200 5173 1264 5258 iiij.
1289 5177 1415 5256 partam
1443 5173 1467 5257 j.
1494 5173 1519 5239 f.
1546 5173 1581 5236 in
1614 5171 1749 5250 (laoxm,
1774 5191 1873 5255 quam
1902 5171 2007 5237 Alisis
2030 5172 2070 5236 de

568 5259 770 5344 Frisksneya
785 5261 949 5344 quondam
965 5262 1084 5326 lenuit.

611 5390 660 5453 De
685 5388 831 5453 Johsuue
855 5389 897 5452 ds
923 5389 1065 5471 Oweuby
1087 5394 1221 5452 tanente
1247 5389 1296 5474 iij.
1313 5393 1439 5472 partem
1453 5389 1477 5473 j.
1494 5388 1518 5452 f.
1536 5408 1580 5453 m.
1596 5389 1633 5450 iu
1649 5386 1813 5453 Huauuxx
1826 5391 1864 5451 al
1883 5387 2069 5466 wunsam,

567 5479 653 5563 quod
667 5477 757 5540 idem
773 5476 937 5541 lohannes
952 5478 1117 5559 quondam
1132 5478 1256 5540 tenuit.

608 5607 658 5671 Da
673 5607 778 5690 priors
791 5605 832 5670 de
847 5603 974 5669 Sixhull
991 5609 1124 5668 tenente
1141 5604 1183 5690 vj.
1200 5609 1326 5686 partam
1340 5603 1428 5665 disti
1439 5601 1463 5668 f.
1479 5603 1514 5665 iu
1529 5602 1654 5668 eadam.

591 5722 594 5727 ¹
610 5737 661 5801 Da
674 5737 792 5801 ablials
807 5735 847 5798 ds
862 5733 1016 5798 Neuhous
1030 5739 1164 5799 tenente
1180 5732 1226 5819 vj.
1242 5737 1367 5816 partem
1383 5731 1531 5818 ejusdam
1547 5732 1571 5796 f.
1587 5733 1622 5794 in
1638 5731 1764 5796 eadam.

609 5865 658 5929 De
688 5864 835 5929 Johanus
864 5863 971 5926 Malet
999 5867 1033 5926 et
1062 5861 1209 5926 Galfrido
1238 5859 1342 5923 Mslst
1371 5859 1559 5924 tenentibus
1584 5859 1631 5925 di.
1652 5859 1677 5925 f.
1693 5860 1727 5921 iu
1745 5859 1969 5938 Rosustuu,
1983 5859 2071 5944 quod

568 5953 766 6038 Regiualdus
780 5952 819 6014 de
836 5949 985 6015 Oarlelou
1000 5956 1033 6015 et
1049 5949 1070 6012 J
1072 5947 1216 6013 ohannes
1230 5947 1272 6011 de
1288 5946 1431 6029 Owsuby
1447 5946 1611 6031 quondam
1626 5951 1814 6012 tenuerunt.
