5000 7050
464 1076 469 1085 '
553 1080 616 1143 346
1197 1078 1405 1145 LINCOLN.

596 1368 760 1432 Walterus
775 1368 935 1451 Taylboys
949 1369 989 1441 de
1004 1366 1198 1454 Golthuugh
1214 1370 1247 1431 in
1265 1370 1425 1433 comitatu
1441 1370 1598 1452 predicto,
1616 1390 1718 1453 sqyer,
1743 1370 1808 1433 fuit
1832 1370 1964 1432 seisitus
1989 1375 2051 1433 etc.

553 1455 593 1518 de
609 1456 702 1517 terris
718 1463 750 1519 et
767 1457 963 1518 tenementis
984 1456 1020 1518 in
1044 1456 1291 1521 Tusnvnrrronr
1313 1478 1388 1519 cum
1411 1457 1632 1539 pertinenciis,
1645 1477 1709 1539 que
1724 1462 1878 1520 tenentur
1899 1458 1940 1520 de
1962 1456 2054 1519 feodo

553 1543 593 1606 de
610 1541 830 1627 Bullyngbrolr
846 1564 901 1625 per
917 1545 1088 1606 servicium
1103 1543 1148 1609 di.
1164 1544 1187 1607 f.
1205 1564 1248 1608 m.
1265 1544 1429 1626 quondam
1444 1542 1604 1607 Johennis
1619 1545 1659 1607 de
1674 1542 1877 1628 Willughby.

596 1679 739 1741 Predicti
754 1678 936 1742 Willelmus
952 1678 1106 1762 Tyrvvhyt
1121 1685 1183 1745 etc.
1201 1680 1334 1743 fuerunt
1351 1680 1453 1742 seisiti
1470 1702 1507 1742 ex
1524 1680 1608 1743 dono
1631 1688 1666 1743 et
1688 1680 1894 1744 feoffemento
1916 1678 2052 1760 predicti

555 1766 686 1829 Roberti
709 1766 749 1827 de
773 1764 962 1849 Willughby
984 1774 1046 1830 etc.
1064 1767 1103 1829 de
1125 1769 1219 1830 terris
1243 1771 1278 1830 et
1300 1768 1500 1829 tenementis
1522 1769 1556 1830 in
1578 1768 1700 1833 Bucen
1722 1768 1756 1830 in
1779 1767 1810 1829 le
1833 1768 1957 1831 Mnnsn
1978 1786 2052 1827 cum

553 1854 776 1935 pertinenciis,
807 1874 870 1935 que
903 1860 1056 1915 tenentur
1088 1854 1129 1917 de
1162 1854 1257 1917 feodo
1290 1854 1330 1917 de
1367 1854 1480 1917 Geunt
1510 1876 1567 1938 per
1600 1854 1771 1918 servicium
1808 1860 1921 1937 quarte
1953 1854 2053 1936 pertis

554 1960 609 2003 un.
630 1942 650 2003 i.
668 1961 711 2004 m.
727 1942 890 2022 quondam
908 1939 999 2003 Petri
1015 1941 1054 2003 de
1071 1939 1236 2026 Scrsmby.

598 2078 757 2140 Henricus
791 2077 944 2154 Bronflet,
977 2097 1081 2161 nuper
1114 2078 1155 2141 de
1188 2076 1360 2161 Whythull
1390 2080 1426 2141 in
1457 2080 1616 2142 comitatu
1651 2079 1810 2162 predict0,
1848 2078 1954 2154 miles,
1990 2077 2053 2139 fuit

554 2166 682 2228 seisitus
717 2172 778 2228 etc.
810 2165 851 2227 de
885 2165 1030 2226 manerio
1067 2165 1109 2227 de
1145 2166 1297 2231 Ssnrrrvu
1330 2166 1452 2231 Messi
1483 2185 1559 2227 cum
1599 2167 1821 2248 pertinenciis,
1855 2171 1890 2228 et
1928 2165 2052 2228 dictum

552 2252 887 2421 &apprihuurphpeynetur
908 2251 948 2314 de
971 2251 1065 2314 feodo
1090 2250 1130 2315 de
1154 2254 1267 2316 Gaunt
1289 2273 1345 2335 per
1367 2254 1538 2316 servicium
1559 2253 1604 2315 di.
1620 2255 1643 2315 i.
1657 2274 1702 2315 m.
1718 2253 1882 2335 quondam
1897 2250 2053 2315 Jchcnnis

597 2475 765 2539 Predictus
788 2474 946 2537 Henricus
969 2473 1114 2537 Bronflet
1136 2477 1201 2539 init
1223 2477 1355 2539 seisitus
1376 2481 1438 2539 etc.
1454 2476 1494 2539 de
1515 2477 1610 2539 terris
1632 2480 1667 2539 et
1688 2477 1884 2539 tenementis
1904 2477 1939 2538 in
1962 2476 2052 2543 Onus

554 2585 629 2627 cum
651 2563 869 2646 pertinenciis,
894 2581 957 2643 que
979 2567 1131 2625 tenentur
1153 2563 1193 2625 de
1218 2562 1309 2626 feodo
1330 2563 1371 2626 de
1393 2562 1506 2626 Gaunt
1528 2584 1584 2647 per
1607 2564 1780 2627 servicium
1807 2569 1922 2646 quarte
1952 2564 2053 2647 pertis

554 2673 609 2715 un.
626 2651 648 2714 f.
663 2670 708 2715 m.
725 2650 888 2732 quondam
903 2646 1062 2712 Johaunis
1076 2650 1117 2712 de
1134 2649 1334 2733 Willughby.

597 2788 757 2851 Robertus
779 2786 966 2868 Umfravyle
988 2785 1028 2848 de
1051 2787 1159 2871 Kyme
1180 2788 1222 2851 de
1244 2790 1407 2850 comitutu
1429 2786 1585 2870 predicto,
1608 2787 1711 2865 miles,
1733 2789 1864 2852 seisitus
1888 2790 1959 2851 ‘fuit
1990 2794 2051 2852 etc.

554 2877 594 2939 de
624 2877 767 2938 manerio
799 2874 839 2937 de
863 2876 971 2941 Cnoss
994 2894 1068 2935 cum
1091 2874 1314 2956 pertinenciis,
1335 2880 1369 2938 et
1391 2876 1518 2937 dictum
1540 2877 1724 2937 manerium
1748 2880 1877 2939 tenetur
1899 2876 1939 2939 de
1962 2876 2053 2938 feodo

554 2962 745 3132 gpnffitppt
781 2982 838 3044 per
872 2961 1043 3025 servicium
1076 2963 1177 3025 trium
1208 2962 1350 3045 partium
1390 2982 1445 3027 un.
1479 2964 1503 3026 f.
1542 2984 1586 3027 m.
1627 2963 1790 3044 quondam
1827 2962 1978 3025 Nicholni
2012 2962 2052 3024 de

598 3186 710 3250 Simon
726 3185 851 3247 Ruston
865 3184 906 3247 de
923 3184 1067 3269 Stepyug
1083 3184 1205 3268 Magna
1219 3185 1256 3247 in
1271 3187 1429 3249 comitatu
1445 3186 1601 3269 predicto,
1619 3187 1818 3270 gentelman,
1837 3187 1903 3249 fuit
1926 3187 2055 3249 seisitus

554 3279 615 3338 etc.
632 3273 672 3336 de
695 3273 788 3335 terris
809 3276 843 3334 et
871 3275 1066 3336 tenementis
1081 3272 1115 3335 in
1134 3273 1286 3339 Snusvrvu
1301 3274 1456 3355 predicta,
1472 3293 1535 3357 que
1551 3278 1705 3336 tenentur
1720 3274 1761 3336 de
1777 3272 1870 3337 feodo
1885 3274 1926 3337 de
1943 3273 2055 3337 Gsuut

554 3382 611 3445 per
625 3360 797 3423 servicium
813 3370 927 3441 quarte
943 3361 1044 3443 pertis
1060 3380 1115 3424 un.
1131 3360 1154 3423 i.
1171 3380 1215 3424 m.
1232 3359 1395 3443 quondam
1411 3359 1576 3443 Redulphi
1592 3361 1633 3423 de
1649 3360 1779 3442 Keisey.

597 3498 792 3583 Margarete‚
823 3517 926 3582 nuper
954 3517 1034 3561 uxor
1064 3497 1221 3560 Willelmi
1252 3496 1430 3578 Cromvvell,
1459 3498 1590 3576 militis,
1620 3498 1661 3561 de
1691 3497 1801 3581 Dryby
1831 3498 1866 3561 iu
1896 3499 2056 3562 comitutu

553 3585 710 3671 predicto,
727 3585 835 3662 vidus,
850 3585 914 3650 tuit
930 3586 1040 3648 seisita
1056 3591 1116 3650 etc.
1132 3586 1172 3648 de
1187 3587 1282 3648 terris
1297 3591 1329 3649 et
1345 3587 1543 3649 tenementis
1557 3588 1592 3649 in
1609 3586 1725 3651 Dnvsv
1739 3606 1814 3649 cum
1835 3587 2054 3669 pertinenciis,

555 3694 618 3758 que
642 3679 796 3737 tenentur
821 3672 862 3735 de
887 3673 980 3736 feodo
1005 3673 1045 3736 de
1060 3672 1172 3736 Geunt
1188 3693 1243 3756 per
1258 3673 1430 3736 servicium
1445 3693 1502 3737 un.
1518 3673 1541 3736 f.
1557 3693 1601 3737 m.
1617 3679 1651 3736 et
1666 3674 1768 3736 tercie
1783 3675 1885 3755 partis
1901 3693 1957 3737 uu.
1973 3674 1995 3738 f.
2010 3693 2054 3738 m.

554 3761 715 3845 quondam
731 3759 882 3844 Hugonis
896 3760 935 3824 de
951 3759 1071 3844 Dryby.

599 3896 755 3960 Ricardus
787 3893 891 3977 Fryth
922 3895 964 3957 de
1001 3894 1154 3977 Scremby
1192 3894 1226 3955 in
1265 3896 1425 3959 comitatu
1462 3895 1622 3978 predicto,
1656 3896 1854 3978 gentelman,
1892 3893 2057 3960 Johenues

555 3981 778 4065 Malberthorp
799 3983 841 4044 de
863 3982 1016 4064 Legbum
1039 3982 1074 4043 in
1097 3982 1254 4043 comitatu
1276 3982 1432 4064 predicto,
1456 3983 1657 4064 gentelman,
1672 3982 1835 4046 Johnnnes
1857 3983 1996 4068 Rodyng
2016 3985 2057 4048 de

557 4068 755 4155 Wyntthorp
777 4071 812 4132 in
835 4070 992 4131 comitatu
1012 4068 1169 4150 predicte,
1186 4066 1424 4145 husbondmun,
1440 4069 1598 4132 Robertus
1614 4069 1796 4152 Medycroit¹
1812 4071 1852 4132 de
1869 4069 2056 4155 Belynghey

556 4161 591 4222 in
614 4158 771 4220 comitatu
794 4157 950 4237 predicto,
972 4154 1170 4238 gentelmsn,
1193 4162 1227 4218 et
1250 4155 1415 4218 Johannes
1437 4156 1532 4219 Flete
1554 4157 1594 4219 de
1616 4156 1763 4234 London,
1785 4156 1988 4237 brovvtherer,
2021 4168 2056 4220 et

556 4245 718 4309 Johannes
741 4241 875 4322 Westby
898 4244 937 4306 de
961 4241 1107 4326 Skegnes
1129 4243 1165 4304 in
1188 4243 1350 4306 comitatu
1373 4243 1553 4320 Lincolnie,
1575 4241 1814 4321 husbondmen,
1837 4252 1871 4308 et
1893 4244 2056 4308 Walterus

557 4332 716 4414 Westyby
731 4330 764 4391 iu
781 4329 892 4392 eodem
907 4330 1076 4409 comitatu,
1091 4327 1265 4412 chspman,
1280 4330 1414 4392 fuerunt
1429 4331 1533 4393 seisiti
1547 4338 1608 4394 etc.
1624 4331 1665 4393 de
1687 4332 1782 4393 terris
1803 4337 1838 4394 et
1859 4325 2057 4395 tenementis

557 4423 591 4483 in
614 4419 746 4496 Busen,
765 4415 928 4493 Sensum,
945 4417 1148 4494 ervsnonr,
1164 4421 1198 4481 et
1225 4416 1378 4483 Snnervss
1400 4437 1475 4479 cum
1496 4417 1719 4499 pertinenciis,
1742 4439 1804 4502 que
1827 4423 1978 4481 tenentur
1999 4440 2056 4502 per

556 4506 726 4570 servicium
751 4504 887 4566 ducrum
910 4505 1054 4585 partium
1081 4523 1135 4568 un.
1152 4504 1174 4568 f.
1198 4522 1241 4567 m.
1268 4504 1308 4566 de
1332 4504 1427 4567 feodo
1452 4504 1492 4566 de
1518 4504 1642 4582 Gaunt,
1665 4505 1829 4587 quondam
1855 4505 1991 4569 Roberti
2016 4507 2057 4569 de

558 4591 707 4677 Sleyght.

600 4729 759 4793 Robertus
782 4726 949 4789 Marchsm
971 4727 1012 4791 de
1035 4726 1201 4790 Marchnm
1223 4729 1259 4790 in
1282 4732 1443 4792 comitatu
1466 4728 1687 4814 Notyngham,
1711 4731 1816 4809 miles,
1839 4730 1903 4792 fuit
1925 4731 2057 4793 seisitus

555 4823 617 4882 etc.
649 4816 689 4878 de
721 4815 815 4878 terris
847 4823 882 4876 et
911 4815 1110 4878 tenementis
1140 4817 1174 4878 in
1207 4815 1382 4880 Bnrvvorr
1414 4836 1488 4878 cum
1511 4817 1734 4898 pertinenciis,
1756 4838 1820 4900 que
1842 4823 1995 4880 tenentur
2016 4819 2058 4881 de

556 4905 649 4968 feodo
663 4904 703 4966 de
720 4901 831 4965 (inunt
847 4921 903 4985 per
918 4903 1089 4965 servicium
1105 4909 1194 4965 sexte
1210 4905 1312 4984 partis
1329 4924 1384 4966 un.
1402 4903 1424 4966 f.
1442 4924 1484 4966 m.
1501 4903 1664 4986 quondam
1686 4903 1798 4989 Rogeri
1815 4903 1938 4987 Cressy.

601 5039 785 5103 Willelmus
799 5036 907 5121 Thcrp
923 5039 963 5101 de
985 5040 1094 5122 Thorp
1104 5039 1200 5121 juxta
1217 5037 1379 5119 Waynflet
1393 5040 1428 5100 in
1444 5039 1605 5101 comitatu
1620 5039 1800 5117 Lincolnie,
1819 5039 2057 5120 husboudman,

557 5130 621 5193 fuit
637 5129 766 5191 seisitus
780 5133 841 5190 etc.
859 5126 899 5189 de
914 5127 1007 5189 terris
1022 5132 1054 5189 et
1071 5125 1266 5188 tenementis
1280 5127 1314 5187 in
1343 5127 1458 5191 Tuom>
1479 5127 1626 5209 predicte
1648 5147 1722 5188 cum
1748 5128 1970 5210 pertinenciis,
1995 5149 2058 5211 que

556 5221 710 5281 tenentur
724 5215 763 5277 de
779 5213 871 5277 feodo
886 5212 1121 5277 Richemundie
1137 5233 1194 5294 per
1211 5214 1382 5275 servicium
1398 5220 1512 5295 quarte
1528 5215 1628 5295 pertis
1643 5234 1698 5278 un.
1714 5214 1736 5278 f.
1753 5236 1796 5278 m.

600 5353 758 5415 Robertus
783 5349 949 5412 Marchem
975 5350 1017 5412 de
1043 5345 1208 5410 Marcham
1235 5350 1269 5411 iu
1296 5352 1454 5414 comitatu
1480 5348 1703 5435 Notyugham,
1718 5351 1824 5430 miles,
1842 5352 1906 5415 tuit
1928 5343 2059 5416 seisitus

556 5447 617 5504 etc.
634 5440 674 5502 de
689 5439 783 5502 terris
798 5443 831 5500 et
846 5438 1044 5500 tenementis
1058 5435 1094 5497 in
1109 5435 1232 5500 Bucen
1248 5438 1283 5499 in
1299 5438 1329 5500 le
1344 5438 1467 5504 Mense
1484 5458 1558 5499 cum
1573 5440 1796 5520 pertinenciis,
1819 5460 1881 5522 que
1903 5446 2058 5503 tenentur
2147 5504 2151 5512 ,

557 5529 599 5681 ge
623 5525 715 5590 feodo
741 5523 978 5586 Richemundie
1004 5543 1060 5605 per
1088 5523 1261 5586 servicium
1287 5530 1401 5588 octave
1427 5525 1529 5608 pertis
1555 5545 1611 5589 un.
1633 5525 1656 5590 f.
1679 5546 1723 5590 m.
1749 5526 1910 5608 quondam
1937 5526 2058 5611 Regeri

583 5635 680 5698 ressy.

601 5746 739 5810 Thomas
764 5742 918 5828 Topclyie
941 5742 981 5805 de
1006 5743 1220 5828 Gaynsburgh
1246 5748 1281 5810 in
1299 5748 1459 5810 comitatu
1475 5747 1631 5829 predicto,
1647 5770 1750 5832 sqyer,
1765 5749 1830 5812 init
1847 5751 1978 5813 seisitus
1993 5755 2057 5816 etc.

557 5838 598 5901 de
628 5835 720 5897 terris
749 5839 782 5894 et
811 5831 1007 5893 tenementis
1029 5831 1064 5893 in
1091 5831 1262 5898 Suvvrnsr
1290 5856 1365 5896 cum
1390 5835 1609 5917 pertinenciis,
1626 5856 1689 5919 que
1714 5842 1869 5900 tenentur
1894 5838 1933 5900 de
1963 5838 2058 5903 feodo

439 5961 442 5970 ·
558 5922 693 6001 Cestrie,
707 5940 763 6004 per
777 5917 947 5981 servicium
962 5925 1076 6002 quarte
1091 5921 1192 6004 partis
1207 5940 1262 5986 un.
1279 5922 1300 5986 t.
1317 5943 1360 5986 m.
1377 5921 1539 6006 quondam
1555 5921 1678 5984 Thome
1692 5923 1732 5986 de
1747 5924 1912 5992 Turribus.
