5000 7050
539 1050 604 1118 580
1179 1051 1392 1122 NORFOLK

579 1342 673 1410 Idem
688 1343 864 1412 Nicbolaus
879 1350 972 1412 tenet
986 1348 1169 1411 manerium
1184 1346 1225 1412 de
1239 1347 1405 1426 Finem,
1415 1349 1503 1434 quod
1518 1367 1622 1432 nuper
1638 1348 1704 1412 fuit
1715 1347 1836 1434 Rogeri
1849 1347 2043 1433 Herdegrey

534 1449 593 1514 per
607 1432 780 1500 servicium
794 1435 889 1501 unius
902 1436 1060 1518 quarterii
1076 1435 1099 1500 f.
1115 1456 1161 1502 m.
1177 1436 1217 1499 de
1232 1435 1365 1504 domino
1380 1456 1465 1520 rege.

577 1568 739 1634 Jobannes
770 1570 914 1655 Berneye
943 1579 1035 1636 tenet
1062 1574 1246 1638 manerium
1276 1573 1316 1636 de
1346 1573 1503 1652 Reum,
1535 1574 1621 1660 qnod
1653 1595 1755 1659 nuper
1785 1573 1851 1637 fuir
1883 1572 2041 1636 Willelmi

533 1653 685 1742 Gyssyng
700 1679 757 1741 per
771 1661 943 1723 servicium
958 1660 1004 1725 di.
1019 1659 1042 1724 f.
1059 1682 1104 1725 m.
1120 1659 1300 1725 inmediate
1316 1660 1355 1724 de
1371 1662 1503 1724 domino
1519 1661 1549 1724 le
1565 1660 1638 1744 Say.

575 1794 766 1859 Edmundue
797 1795 961 1880 Stspiltou
991 1804 1083 1863 tenet
1112 1803 1304 1862 tenemento
1330 1819 1388 1864 sue
1413 1800 1447 1866 in
1478 1799 1663 1876 Turenum,
1691 1820 1754 1884 que
1782 1793 1885 1881 nuper
1908 1799 2043 1860 fuerunt

530 1879 665 1944 Roberti
682 1883 840 1966 Wychard
864 1892 900 1948 et
923 1883 1083 1948 Johannis
1107 1885 1148 1948 de
1174 1886 1331 1950 Tunstale
1358 1906 1415 1970 per
1440 1889 1642 1971 quarterium
1653 1887 1681 1970 j.
1697 1892 1721 1951 f.
1738 1907 1784 1952 m.
1800 1887 1982 1949 inmediate
1999 1886 2040 1948 de

531 1966 705 2033 heredibus
720 1970 855 2035 Roberti
872 1971 1001 2037 Ceston.

576 2105 743 2172 Johennes
765 2108 887 2192 Hendy
910 2130 968 2195 pro
990 2115 1181 2174 tenemento
1207 2131 1266 2174 suo
1291 2110 1456 2194 quondam
1484 2109 1640 2175 Willelmi
1656 2109 1807 2192 Freman‚
1834 2110 1919 2195 quod
1945 2116 2042 2172 tenet

530 2195 707 2259 inmediate
732 2195 772 2259 de
798 2197 940 2262 Roberto
966 2195 1098 2275 Ceston,
1114 2196 1281 2261 Johennes
1306 2197 1426 2262 Holurr
1450 2219 1508 2281 pro
1532 2205 1723 2262 tenemento
1739 2199 1902 2282 quondam
1918 2197 2041 2282 Rogeri

534 2281 664 2366 Alyeth,
678 2288 714 2347 et
736 2281 871 2349 heredes
894 2283 1055 2349 Johannis
1079 2285 1235 2370 Spitlyng
1257 2306 1315 2370 pro
1338 2292 1530 2349 tenemento
1545 2285 1708 2370 quondam
1726 2284 1866 2348 liuberti
1882 2284 2041 2367 Reynald‚

533 2391 596 2455 que
611 2375 725 2435 tenent
740 2372 920 2437 inmediate
933 2372 976 2439 de
993 2373 1123 2438 Olivero
1138 2374 1179 2436 de
1194 2371 1334 2438 Mouton
1349 2392 1408 2458 per
1423 2374 1596 2438 servicium
1610 2374 1713 2437 tercie
1728 2375 1829 2456 partis
1844 2373 1868 2458 j.
1884 2371 1907 2437 i.
1924 2393 1969 2438 m.

578 2506 754 2572 Nicholaus
768 2507 1009 2594 Wychingham
1024 2517 1116 2574 tenet
1129 2517 1320 2575 tenemento
1335 2530 1394 2574 sua
1408 2513 1443 2574 in
1459 2510 1614 2588 Mouuors,
1641 2531 1702 2595 que
1728 2510 1861 2574 inerunt
1888 2509 2040 2590 Matillis,

534 2597 688 2747 qqqhgqqti
702 2596 940 2748 Sqqqqegqueri
963 2598 1004 2664 de
1027 2598 1178 2678 Mouton,
1203 2619 1260 2681 per
1287 2599 1458 2663 servicium
1470 2598 1497 2682 j.
1514 2598 1538 2662 f.
1555 2619 1601 2663 m.
1617 2596 1795 2662 inmediate
1810 2599 1850 2660 de
1864 2595 2041 2662 heredibus

578 2817 744 2884 Johannes
760 2819 898 2900 Faetolf,
914 2821 1017 2901 miles,
1031 2827 1123 2885 tenet
1137 2827 1327 2886 tenementa
1351 2841 1408 2885 rna
1432 2822 1465 2884 in
1494 2820 1687 2898 Bnuouuorv,
1702 2840 1764 2905 que
1779 2839 1884 2903 nuper
1907 2821 2042 2883 fuerunt

537 2906 693 2970 Willelmi
709 2907 872 2990 Lyncolne
886 2928 943 2991 per
969 2914 1118 2994 quartem
1142 2917 1269 2993 partem
1294 2910 1319 2995 j.
1336 2908 1359 2973 l.
1375 2930 1421 2973 m.
1446 2907 1624 2971 inmediete
1650 2909 1690 2970 de
1714 2906 1886 2970 heredibus
1912 2908 2040 2970 domini

537 2993 697 3057 Willelmi
712 2994 878 3078 Ambeley.

580 3132 672 3196 Prior
685 3132 725 3196 de
737 3132 871 3196 Bieston
885 3139 980 3198 tenet
993 3139 1184 3198 tenemento
1198 3154 1258 3198 suu
1273 3133 1308 3202 iu
1323 3133 1514 3210 Pnuxsoun,
1539 3153 1601 3217 que
1615 3153 1718 3216 nuper
1734 3132 1866 3196 luerunt
1882 3131 2040 3195 Willelmi

536 3220 650 3304 Tweyt
665 3240 721 3304 per
734 3223 935 3304 quarterium
945 3221 973 3305 j.
990 3221 1013 3288 f.
1028 3243 1074 3287 m.
1089 3222 1268 3286 inmediate
1284 3221 1324 3285 de
1340 3223 1484 3285 manerio
1499 3221 1539 3284 de
1556 3218 1744 3296 Ookevelle.

579 3358 703 3420 Dicunt
717 3359 821 3422 eciam
835 3359 996 3444 juratores
1011 3359 1151 3442 predicti
1165 3357 1252 3444 quod
1268 3358 1359 3421 nulle
1375 3365 1452 3421 sunt
1467 3358 1531 3420 alie
1555 3378 1687 3441 persone
1703 3357 1772 3420 sive
1787 3365 1937 3421 tenentes
1952 3357 2040 3420 infra

535 3444 742 3509 hundredum
758 3447 940 3529 predictum
956 3449 1066 3510 veisite
1078 3448 1113 3509 in
1128 3448 1293 3510 dominico
1309 3465 1366 3508 suo
1381 3446 1561 3508 inmediate
1588 3452 1625 3507 ut
1647 3446 1686 3507 de
1712 3445 1813 3522 libero
1839 3453 2039 3523 tenemento,

537 3535 621 3598 unde
646 3534 748 3597 iidem
775 3554 910 3616 persone
926 3536 993 3599 sive
1007 3542 1160 3599 tenentes
1174 3536 1410 3619 possessionate
1424 3535 1581 3611 existunt,
1597 3535 1653 3617 qni
1670 3538 1785 3597 tenent
1797 3553 1856 3616 per
1870 3534 2038 3616 integrum

535 3621 669 3684 feodum
692 3622 821 3699 militis,
846 3621 1070 3700 medietatem,
1094 3624 1231 3687 terciam
1261 3621 1312 3685 vel
1342 3626 1492 3705 quartum
1522 3625 1648 3703 partem
1677 3623 1772 3683 unius
1802 3619 1889 3683 feodi
1919 3621 2040 3682 militis

538 3709 705 3774 inclusive.

580 3846 619 3909 In
656 3845 748 3930 cujus
784 3848 830 3909 rei
867 3846 1092 3910 testimonium
1123 3845 1286 3929 juratores
1314 3828 1452 3926 predicti
1490 3842 1567 3906 huic
1596 3844 1804 3926 inquisicioni
1836 3843 1944 3927 sigilis
1977 3864 2037 3906 sua

535 3941 763 4017 apposuerunt.
809 3932 932 3995 Datum
947 3933 1012 4012 die,
1027 3932 1096 3997 loco
1111 3943 1145 3995 et
1159 3952 1244 3997 enno
1260 3930 1465 4015 supradictis.

992 4362 1213 4429 Hnuneunun
1236 4384 1281 4429 nn
1304 4360 1583 4430 FREBRIGGE.

582 4527 762 4611 Inquisicio
776 4531 873 4609 capta
887 4526 975 4610 apud
989 4527 1117 4612 Geyton
1143 4527 1197 4590 die
1223 4525 1315 4589 Lnne
1340 4525 1488 4609 proximo
1511 4530 1585 4608 post
1610 4522 1730 4585 festum
1756 4519 1867 4583 Sancti
1891 4520 2040 4586 Barnabe

537 4638 556 4679 a
580 4614 675 4679 ostoli
688 4615 876 4699 annoregni
890 4616 977 4699 regis
986 4613 1122 4678 Henrici
1133 4615 1213 4677 sexti
1224 4620 1299 4699 post
1310 4622 1522 4697 conquestum
1534 4616 1625 4673 sexto
1636 4627 1744 4671 cerem
1756 4606 1910 4671 Nicholao
1921 4609 2042 4685 Oestel,

539 4637 704 4782 thillelmo
733 4700 875 4779 Walton,
905 4701 1042 4764 Ricardo
1072 4702 1178 4766 Boure
1207 4714 1242 4764 et
1270 4702 1364 4763 sociis
1393 4700 1460 4763 suis
1488 4696 1711 4760 collectoribus
1740 4695 1878 4758 subsidii
1912 4696 2039 4761 domini

537 4792 624 4873 regis
648 4791 683 4852 in
710 4789 827 4853 ultimo
841 4788 1058 4872 parliamento
1072 4809 1131 4851 suo
1145 4794 1238 4851 tento
1253 4788 1339 4871 apud
1355 4784 1681 4849 westmonasterium
1695 4783 1729 4844 in
1745 4782 1911 4866 quindena
1926 4780 2039 4846 Sancti

540 4876 710 4940 Michaelis
739 4876 857 4939 ultimo
885 4878 1042 4959 preterita
1071 4876 1211 4938 concessi
1241 4896 1300 4958 per
1329 4879 1566 4937 sacramentum
1597 4870 1759 4934 lobannis
1788 4868 1889 4947 Rood,
1920 4868 2038 4954 Rogeri

538 4964 681 5048 Wilkyn‚
705 4961 865 5027 Johannis
892 4962 1044 5039 Overlild‚
1067 4960 1226 5025 Johannie
1250 4962 1413 5043 Lamlsyn,
1437 4959 1559 5022 Thome
1575 4956 1694 5033 Jemes,
1710 4952 2039 5038 JohannisPeytour,

433 5071 435 5076 '
540 5050 699 5119 Johannis
728 5048 807 5127 col,
833 5048 991 5115 Johannis
1020 5051 1061 5113 de
1090 5049 1197 5133 Lpng,
1220 5048 1362 5112 Simonis
1385 5048 1426 5110 de
1462 5047 1564 5122 wico,
1603 5043 1744 5107 Simonis
1771 5042 1885 5127 Large,
1917 5042 2038 5127 cheri

539 5139 663 5223 Byntre
679 5145 713 5201 et
728 5135 1058 5221 HenriciBroun,qni
1073 5137 1188 5199 dicunt
1203 5156 1299 5219 super
1314 5142 1550 5199 sacramentum
1566 5150 1661 5193 suum
1677 5129 1763 5213 quod
1778 5149 1887 5192 omnes
1902 5150 2038 5213 persone

535 5228 570 5289 in
584 5228 648 5289 ieta
662 5224 879 5307 inquisicione
894 5226 1063 5287 nominate
1078 5234 1156 5286 sunt
1172 5225 1300 5286 seissite
1316 5230 1352 5285 et
1367 5221 1601 5305 possessionate
1616 5218 1657 5280 de
1672 5217 1767 5279 terris
1782 5224 1816 5279 et
1839 5220 2040 5281 tenementis

534 5316 570 5377 in
584 5313 747 5377 dominico
762 5331 819 5374 suo
833 5320 872 5373 ut
886 5310 928 5373 de
943 5311 1045 5374 libero
1062 5320 1249 5373 tenemento
1266 5330 1323 5373 suo
1338 5318 1371 5374 et
1387 5314 1499 5373 tenent
1514 5326 1571 5369 seu
1587 5310 1683 5369 tenet
1698 5303 1794 5366 modo
1809 5310 1843 5366 et
1859 5302 1961 5367 forma
1976 5307 2035 5386 qui

536 5406 694 5487 sequntur
709 5398 864 5463 videlicet
874 5423 928 5462 :-

579 5588 743 5656 Johannes
769 5586 912 5669 Colvyle,
935 5584 1089 5663 cbivaler‚
1110 5591 1204 5649 tenet
1227 5586 1272 5649 di.
1289 5586 1310 5649 f.
1327 5605 1371 5649 m.
1398 5584 1438 5649 iu
1460 5582 1655 5655 wensonis,
1681 5576 1846 5643 Wsuroun
1874 5584 1908 5640 et
1935 5577 2037 5645 Wnsn

539 5677 685 5744 Wannou
700 5675 882 5739 inmediate
895 5674 937 5737 de
951 5674 1092 5758 episcopi
1108 5674 1242 5737 Ellensi.

582 5812 740 5877 Robertus
765 5808 897 5875 Godard
922 5814 1015 5874 tenet
1038 5808 1082 5875 di.
1099 5810 1121 5879 f.
1138 5830 1183 5881 m.
1209 5809 1245 5877 iu
1272 5808 1436 5879 wuronc
1459 5811 1492 5869 et
1518 5804 1618 5872 Wuss
1641 5800 1786 5867 Waurou
1803 5798 1980 5869 inmediate
1997 5802 2038 5871 de

539 5902 688 5991 episcopo
703 5898 839 5969 Elieusi.
