5000 7050
1113 1094 1195 1160 Ar).
1220 1097 1316 1161 1346.
1896 1097 1959 1161 539

460 1377 647 1528 Erilielrledes
671 1379 817 1444 Eustacii
842 1381 882 1445 de
909 1382 1143 1468 Porriugglond
1165 1387 1283 1446 teuent
1308 1402 1411 1446 uuum
1435 1385 1636 1464 quarterium
1661 1383 1685 1448 f.
1711 1404 1755 1446 m.
1782 1383 1822 1446 de
1846 1381 1959 1446 eodem

526 1486 546 1526 a
579 1486 599 1528 0
679 1507 1807 1524 ............
1895 1491 1958 1534 m,

502 1601 646 1666 Heredes
670 1603 810 1668 Guliridi
835 1605 951 1670 Guttae
976 1617 1011 1670 et
1036 1607 1093 1670 alii
1118 1612 1267 1671 tenentes
1292 1611 1451 1672 terrarum
1474 1607 1639 1691 quondam
1656 1607 1790 1670 Roberti
1806 1606 1958 1672 Bataillie

457 1693 572 1752 teuent
585 1693 620 1752 in
637 1691 834 1758 Swuurorou
850 1714 953 1756 unum
968 1695 1170 1777 quarterium
1186 1695 1209 1759 f.
1227 1715 1270 1760 m.
1287 1695 1327 1758 de
1344 1695 1483 1780 Hugoue
1509 1695 1549 1758 de
1574 1695 1790 1779 Hastingges,
1815 1701 1849 1758 et
1870 1694 1957 1758 idem

458 1777 500 1839 de
514 1778 634 1841 comite
651 1777 846 1858 Warreuuie,
862 1787 896 1844 et
910 1781 999 1844 idem
1014 1782 1055 1844 de
1071 1802 1145 1866 rege
1181 1821 1804 1833 -------
1893 1803 1957 1846 x.s.

460 1912 638 2062 thumma
651 1914 735 1981 xiii.
750 1916 828 1983 ixa.
845 1918 915 1982 x.d.
932 1939 990 2001 pro
1005 1938 1057 1981 xx.
1074 1919 1096 1983 f.
1112 1917 1161 2002 vj·
1180 1924 1274 2002 purte
1288 1929 1345 1980 xx·
1365 1925 1457 2002 parte
1472 1923 1506 1983 et
1522 1917 1569 1980 xl·
1589 1918 1802 2005 parte-ij.d.
1827 1918 1900 2001 plus
1922 1919 1957 1980 iu

510 2021 540 2064 o.

935 2348 1155 2414 Hurruauouu
1178 2369 1221 2415 oe
1244 2348 1488 2416 LAUNDIOH.

502 2507 818 2573 Jurati-Johauues
841 2510 972 2591 Galieu,
998 2514 1121 2575 Alanus
1150 2513 1249 2591 Bous,
1280 2512 1474 2577 Edmuudus
1504 2512 1546 2575 de
1573 2511 1706 2595 Byutre‚
1731 2510 1895 2574 Johanues
1917 2511 1957 2574 de

460 2593 615 2673 Pateslee,
638 2596 795 2661 Ricardus
818 2599 858 2661 de
883 2597 1032 2682 Oxewyk‚
1057 2601 1203 2684 Rogerus
1226 2601 1267 2663 de
1282 2599 1456 2684 Skeruigg,
1472 2601 1619 2684 Rogerus
1635 2599 1749 2676 Lucas,
1767 2597 1958 2682 Radulphus

460 2680 688 2766 Thomuelryn‚
716 2683 901 2752 Willelmus
930 2686 970 2748 de
998 2686 1204 2769 Kymberlee,
1238 2687 1379 2751 Jacobus
1406 2687 1447 2750 de
1478 2685 1640 2770 Skemigg
1676 2691 1711 2749 et
1739 2685 1888 2750 Clemens
1917 2686 1957 2749 de

460 2768 682 2855 Massiugham
699 2778 733 2834 et
748 2770 913 2836 Johuunes
927 2773 1071 2837 Blowere
1087 2775 1146 2859 qui
1160 2775 1275 2838 dicunt
1291 2795 1347 2858 per
1363 2781 1601 2838 sacramentum
1616 2794 1711 2837 suum
1727 2774 1813 2856 quod
1825 2796 1878 2835 :-

503 2958 669 3039 Ricardus,
686 2980 791 3023 comes
807 2962 1004 3042 Arundellie,
1022 2967 1116 3026 tenet
1128 2964 1314 3027 manerium
1328 2962 1368 3026 de
1382 2962 1531 3029 Μιιιιιιι
1546 2983 1605 3046 pro
1623 2962 1651 3046 j.
1668 2963 1691 3027 f.
1709 2982 1753 3026 m.
1769 2961 1810 3025 de
1825 2962 1958 3026 domino

459 3065 534 3129 rege
548 3047 602 3111 i.c.
618 3048 705 3132 quod
720 3047 923 3126 Edmundus,
937 3070 1047 3113 comes
1061 3051 1264 3128 Aruudellie,
1279 3050 1441 3135 quondam
1457 3051 1564 3114 tenuit
1579 3085 1595 3096 ·
1681 3089 1693 3100 ·
1782 3089 1793 3101 -
1882 3050 1957 3114 rho.

503 3182 669 3247 Johaunes
683 3184 724 3247 de
739 3185 885 3264 Guuton,
904 3185 1041 3250 [sabella
1055 3187 1095 3250 de
1112 3187 1295 3273 Bagethorp
1311 3193 1346 3252 et
1362 3189 1448 3272 prior
1465 3187 1505 3250 de
1530 3185 1755 3269 Weisingham
1778 3191 1894 3249 teuent
1922 3187 1958 3249 in

459 3269 624 3336 Lououau
640 3277 674 3334 et
689 3272 795 3339 Corus
805 3272 833 3356 j.
849 3273 872 3336 f.
889 3294 933 3337 m.
950 3273 991 3336 de
1005 3277 1126 3338 comite
1141 3275 1342 3355 Arundellie,
1359 3282 1394 3339 et
1408 3275 1496 3338 idem
1513 3275 1553 3338 de
1568 3294 1653 3358 rege,
1672 3274 1758 3355 quod
1773 3273 1913 3336 Isubella
1927 3272 1957 3336 le

459 3356 621 3443 Strauuge
636 3364 670 3422 et
685 3360 861 3442 percenarii
875 3362 926 3423 sui
940 3362 1102 3444 quondam
1118 3367 1297 3426 tenuerunt
1374 3399 1790 3413 -----
1879 3361 1956 3425 xhs.

500 3493 665 3561 Johauues
681 3497 809 3582 Harsyk
825 3504 917 3563 tenet
930 3499 977 3564 di.
992 3499 1016 3565 f.
1033 3520 1077 3565 m.
1093 3502 1129 3563 iu
1148 3500 1318 3568 Dourrrrrrr
1345 3499 1468 3565 Misus
1490 3497 1531 3562 de
1556 3497 1677 3561 comite
1700 3496 1899 3576 Aruudellie,
1924 3504 1959 3562 et

458 3582 688 3669 idemderege
760 3625 1786 3639 ...........
1875 3607 1957 3651 m,

504 3719 619 3785 Sibillu
643 3722 682 3785 de
707 3722 843 3786 Feltoue
870 3728 964 3786 tenet
987 3723 1032 3790 di.
1050 3723 1072 3788 f.
1090 3745 1133 3789 m.
1149 3726 1183 3787 in
1199 3725 1343 3791 Lucusrr
1358 3725 1398 3787 de
1413 3724 1501 3786 dicto
1517 3722 1647 3801 comite,
1662 3726 1696 3785 et
1710 3722 1799 3785 idem
1815 3722 1857 3785 de
1870 3741 1957 3805 rege,

459 3809 544 3893 quod
559 3809 719 3873 Robertus
734 3810 773 3873 de
786 3810 903 3873 Felton
917 3810 1081 3891 quondam
1097 3812 1205 3874 tenuit
1268 3848 1784 3862 ------
1873 3832 1957 3875 rme.

501 3943 667 4009 Johanues
691 3947 820 4012 Bozouu
846 3953 939 4011 tenet
964 3948 1146 4011 manerium
1171 3948 1211 4011 de
1225 3949 1464 4018 Wsssruosuru
1479 3967 1537 4030 pro
1552 3946 1588 4032 ij.
1605 3946 1629 4011 f.
1645 3946 1689 4011 di.
1705 3950 1741 4009 et
1750 3944 1778 4029 j.
1795 3948 1959 4031 quarterio

458 4034 573 4095 militis
598 4035 639 4096 de
662 4034 794 4097 domiuo
817 4035 848 4099 le
875 4035 950 4112 Ros,
976 4036 1062 4099 unde
1090 4036 1249 4101 Robertus
1274 4037 1313 4100 de
1329 4036 1513 4098 Yelwerton
1537 4040 1631 4099 tenet
1656 4038 1806 4119 quartam
1830 4040 1956 4117 partem

457 4120 544 4183 feodi
558 4121 593 4183 iu
602 4121 820 4201 Yuuwuurorr,
833 4124 919 4207 quod
934 4123 1052 4187 Petrus
1067 4123 1209 4201 Bozoun‚
1221 4132 1314 4207 pater
1328 4123 1467 4206 predicti
1482 4122 1504 4186 J
1505 4120 1652 4202 ohannis,
1663 4122 1738 4185 inde
1753 4120 1912 4197 feoffavit,
1924 4127 1958 4185 et

456 4206 608 4271 dominus
623 4208 654 4270 le
668 4210 734 4273 Ros
747 4209 787 4272 de
801 4211 968 4273 comitissa
981 4211 1185 4289 Moeteana,
1200 4218 1235 4275 et
1249 4212 1336 4275 idem
1355 4213 1423 4290 (sic)
1442 4210 1482 4297 dc
1497 4210 1628 4272 domino
1643 4228 1729 4293 rege,
1739 4209 1825 4292 quod
1841 4208 1959 4271 Petrus

457 4293 587 4358 Bozoun
603 4296 766 4380 quondam
780 4298 888 4360 tenuit
963 4333 1783 4349 ---------
1873 4316 1956 4361 exe.

499 4432 730 4498 Constantinus
755 4434 796 4497 de
825 4434 953 4498 Mortuo
967 4435 1054 4498 Mari
1071 4440 1163 4499 tenet
1177 4438 1213 4499 in
1231 4437 1403 4504 Suuuuloo
1418 4435 1443 4520 j.
1459 4433 1482 4499 f.
1497 4454 1542 4499 m.
1558 4433 1598 4496 de
1613 4432 1753 4498 Roberto
1768 4432 1808 4496 de
1823 4432 1957 4512 Morlee,

456 4527 491 4585 et
505 4520 591 4584 idem
605 4523 645 4585 de
659 4541 747 4606 rege,
762 4523 848 4606 quod
864 4522 1027 4585 Heuricus
1042 4523 1073 4586 le
1088 4522 1226 4608 Segrave
1242 4524 1407 4609 quondam
1423 4522 1587 4587 tenuit·
1678 4559 1689 4570 -
1779 4559 1790 4570 ·
1881 4520 1957 4585 xha.
2020 4542 2022 4545 ·

499 4656 666 4720 Gilbertus
680 4656 721 4720 de
737 4655 915 4719 Frausham
930 4662 1024 4721 tenet
1035 4657 1061 4741 j.
1073 4658 1096 4723 f.
1107 4679 1152 4724 m.
1163 4660 1198 4721 in
1209 4659 1394 4725 Ferreum
1409 4664 1443 4721 et
1461 4656 1633 4725 Suuuursc
1648 4655 1687 4718 de
1699 4655 1839 4720 Ricardo
1850 4656 1960 4740 Phys,

456 4744 573 4821 milite,
589 4750 624 4806 et
639 4744 727 4807 idem
742 4743 782 4806 de
808 4746 926 4808 comite
951 4746 1149 4824 Warreuuie,
1176 4753 1211 4809 et
1236 4748 1324 4810 idem
1347 4747 1388 4809 de
1414 4765 1490 4829 rege
1514 4746 1568 4809 i.c.
1599 4743 1685 4827 quod
1711 4742 1895 4811 Willelmus
1918 4743 1959 4807 de

458 4829 637 4894 Fransham
653 4831 816 4917 quondam
831 4832 941 4895 tenuit
972 4868 1793 4884 ---------
1883 4830 1959 4895 rho.

498 4967 638 5031 Thomas
661 4970 701 5032 de
715 4969 747 5031 la
761 4969 889 5045 Risere‚
911 4969 1018 5042 miles,
1034 4975 1125 5032 tenet
1141 4971 1176 5031 in
1192 4970 1341 5035 Duumu
1357 4970 1466 5035 Pauvs
1480 4987 1583 5031 unum
1597 4966 1798 5050 quarterium
1814 4967 1837 5032 f.
1853 4988 1897 5033 m.
1915 4968 1956 5031 de

453 5057 576 5120 Thema
601 5055 785 5134 Batesford‚
800 5056 916 5136 milite,
943 5064 978 5120 et
991 5056 1081 5119 idem
1096 5057 1136 5119 de
1150 5056 1324 5141 Radulpho
1339 5057 1379 5120 de
1395 5056 1425 5117 N
1427 5056 1505 5119 evill
1520 5057 1561 5118 de
1576 5055 1720 5117 manerio
1735 5054 1777 5117 de
1791 5054 1957 5133 Horsford,

453 5144 540 5229 quod
555 5141 721 5210 Johaunes
736 5144 776 5207 de
792 5143 945 5207 Dunham
959 5163 1036 5207 cum
1053 5145 1243 5209 tenentibus
1260 5146 1327 5207 suis
1344 5142 1508 5228 quondam
1524 5145 1701 5217 tenuerunt
1793 5181 1804 5192 -
1892 5164 1957 5207 rue.

496 5280 660 5345 iohannes
684 5286 753 5345 atte
778 5281 885 5345 Greue
911 5286 947 5345 et
972 5279 1139 5345 Johaunes
1164 5282 1205 5345 de
1231 5282 1345 5345 Doune
1368 5286 1402 5345 et
1427 5280 1607 5363 perceuarii
1630 5282 1745 5343 teuent
1762 5276 1792 5361 j.
1809 5278 1832 5344 f.
1852 5298 1897 5345 m.
1922 5279 1959 5342 in

454 5369 633 5447 Roseusu,
649 5369 832 5435 Fusususrr
848 5369 887 5433 de
902 5369 1059 5433 Eduardo
1073 5371 1113 5433 de
1130 5370 1332 5446 Warreuuie,
1346 5373 1379 5431 et
1394 5368 1484 5431 idem
1499 5367 1540 5431 de
1555 5363 1725 5429 heredibus
1739 5364 1761 5428 J
1762 5366 1898 5428 ohannis
1917 5366 1958 5429 de

455 5456 650 5535 Gatssdeue,
677 5464 711 5519 et
735 5458 824 5521 idem
848 5456 890 5519 de
914 5458 1036 5520 comite
1059 5457 1262 5536 Warreuuie,
1283 5457 1369 5519 unde
1384 5456 1490 5518 Alicia
1505 5449 1686 5517 Mareschul
1701 5456 1794 5516 tenet
1808 5458 1959 5537 quartam

453 5550 580 5627 partem
594 5544 635 5607 de
650 5541 799 5607 Johaune
815 5544 977 5608 Extraneo
992 5549 1027 5607 et
1042 5546 1236 5627 perceuariis
1263 5545 1341 5621 suis,
1369 5548 1404 5607 et
1430 5543 1519 5606 idem
1539 5541 1579 5605 de
1604 5540 1762 5624 predictis
1787 5536 1958 5603 heredibus

454 5631 475 5697 J
475 5632 609 5695 ohannis
624 5631 665 5694 de
680 5628 854 5710 Getesden,
870 5636 904 5694 et
918 5631 1007 5694 idem
1023 5630 1063 5694 ds
1080 5632 1202 5695 comite
1217 5631 1420 5709 Warreuuie,
1436 5635 1470 5694 et
1484 5647 1592 5693 comes
1607 5628 1648 5692 de
1662 5648 1749 5713 rege,
1764 5626 1851 5711 quod
1866 5625 1959 5690 heres

381 5789 385 5796 ,
456 5718 613 5787 Willelmi
629 5717 661 5781 le
676 5718 806 5784 Boteler
819 5717 981 5799 quondam
996 5718 1107 5781 tenuit
1171 5749 1793 5770 -------
1880 5712 1957 5778 xie.

498 5854 661 5922 Robertus
674 5856 715 5919 de
730 5854 834 5917 Morle
849 5859 943 5917 tenet
955 5855 1138 5919 manerium
1153 5857 1189 5918 in
1204 5855 1363 5924 Swurrrorr
1375 5854 1414 5917 de
1425 5854 1556 5918 domiuo
1571 5872 1646 5938 rege
1660 5851 1712 5917 i.c.
1723 5870 1781 5935 per
1795 5852 1876 5934 quot
1887 5850 1956 5931 (rio)

456 5944 630 6007 servicium
645 5944 807 6028 ignorant,
823 5942 910 6027 quod
924 5942 1110 6011 willelmus
1125 5942 1307 6010 Mareschal
1322 5942 1484 6028 quondam
1501 5941 1620 6005 tenuit.
