5000 7050
1050 1125 1053 1130 .
1143 1067 1227 1135 A-D.
1250 1070 1347 1136 1346.
1927 1075 1990 1138 211

534 1319 764 1420 lohannes‘de
787 1356 943 1423 Chamels
968 1360 1025 1424 dat
1048 1358 1161 1447 riijc:
1171 1361 1301 1446 quando
1323 1361 1508 1446 scutagium
1530 1365 1582 1426 est
1596 1361 1638 1425 ad
1652 1361 1731 1427 xla,
1748 1381 1804 1445 pro
1819 1367 1905 1425 terra
1920 1380 1988 1441 sua,

490 1459 589 1526 quam
602 1447 696 1508 tenet
710 1443 845 1511 ibidem.

533 1578 692 1644 Robertm
705 1582 746 1647 de
760 1581 895 1648 colevill
907 1591 999 1650 tenet
1010 1585 1038 1673 j.
1051 1585 1076 1652 f.
1091 1587 1128 1651 in
1142 1587 1300 1666 Anausis,
1314 1591 1452 1673 excepta
1466 1586 1537 1675 viij.
1553 1591 1658 1672 parte,
1672 1588 1758 1676 quod
1781 1588 1925 1674 Rogerus
1949 1587 1990 1652 de

491 1662 607 1730 colvin
622 1667 785 1754 quondam
800 1673 920 1739 tenuit.

534 1798 627 1864 Prior
641 1801 681 1866 dc
695 1802 830 1870 Belvero
845 1809 936 1870 tenet
949 1807 1072 1870 dictam
1087 1808 1157 1894 viij.
1171 1815 1300 1892 partem
1315 1808 1465 1895 ejusdem
1479 1808 1503 1874 f.
1519 1809 1554 1873 in
1568 1809 1694 1875 eadem.

534 1937 717 2005 Willelmua
741 1943 783 2008 de
807 1942 923 2008 Cclvill
944 1949 1036 2010 tenet
1051 1966 1082 2011 v.
1098 1951 1225 2030 partem
1249 1952 1285 2012 et
1307 1949 1351 2014 xl.
1366 1953 1494 2032 partam
1508 1967 1565 2014 un.
1582 1950 1606 2016 f.
1622 1951 1659 2014 in
1674 1948 1892 2028 Hanxrccxox,
1908 1967 1989 2032 quas

489 2025 679 2112 Radulphus
693 2028 735 2094 de
749 2029 869 2095 Sancto
884 2031 1026 2097 Vedasto
1040 2034 1205 2119 quondam
1220 2039 1342 2101 tenuit.

407 2175 410 2180 ·
534 2164 626 2228 Prior
639 2165 821 2252 Hospitalis
835 2172 928 2234 tenet
941 2171 987 2238 xl.
1002 2175 1132 2255 partem
1144 2171 1169 2258 j.
1186 2172 1209 2236 f.
1225 2172 1262 2235 in
1277 2172 1401 2238 eadem.

491 2398 505 2453 t
539 2301 662 2454 [Titler]
683 2303 800 2370 Sancte
816 2306 974 2372 Katarine
988 2313 1081 2376 tenet
1095 2331 1146 2378 xx.
1162 2316 1287 2392 partem
1302 2313 1338 2374 in
1351 2309 1476 2389 eadem,
1491 2329 1589 2396 quam
1605 2309 1770 2418 predictus
1797 2306 1988 2392 Radulphus

507 2410 585 2454 enus
603 2439 614 2456 .

533 2528 626 2592 Prior
653 2529 837 2614 Hospitalis
862 2536 956 2597 tanet
977 2533 1040 2620 iiij.
1066 2539 1195 2618 partem
1219 2555 1276 2600 un.
1302 2534 1325 2600 f.
1353 2537 1388 2599 in
1415 2535 1528 2613 Moses,
1550 2555 1647 2621 quam
1678 2535 1833 2618 magister
1863 2532 1986 2597 milicie

491 2615 619 2701 Templi
633 2619 797 2705 quondam
812 2621 935 2688 tenuit.

1020 2915 1136 2982 Frons
1158 2936 1203 2981 na
1227 2913 1469 2984 STAFFORD.
1506 3019 1509 3026 Ι

535 3064 619 3128 Item
635 3023 750 3127 ilicunt
766 3066 851 3150 quod
861 3086 914 3128 :-

534 3193 674 3260 Thomas
688 3197 728 3260 de
742 3195 927 3262 Wasteneis
940 3201 1034 3263 tenet
1047 3201 1113 3287 iiij.
1128 3205 1257 3284 partem
1268 3199 1292 3285 j.
1308 3200 1332 3265 f.
1355 3199 1390 3263 in
1418 3197 1611 3276 Tarsam,
1637 3215 1736 3282 quam
1762 3193 1927 3260 Johsnnes
1950 3195 1991 3261 de

492 3282 679 3370 Wastaneye
693 3285 856 3370 quondam
871 3288 991 3352 tenuit.
1043 3333 1047 3342 .

536 3421 628 3486 Idem
642 3421 780 3486 Thomas
796 3427 889 3490 tanet
903 3425 948 3490 di.
965 3424 988 3491 i.
1004 3426 1040 3490 in
1056 3426 1349 3505 Baassmcacacs,
1367 3424 1452 3510 quod
1468 3423 1555 3487 idem
1571 3422 1733 3486 Jchannes
1747 3421 1866 3487 tenuit.

535 3560 627 3624 idem
641 3559 781 3627 Thomas
795 3567 888 3627 tenet
904 3565 929 3649 j.
946 3565 968 3630 f.
985 3567 1018 3629 in
1038 3566 1202 3644 Cascam,
1217 3575 1315 3651 quam
1332 3564 1418 3628 idem
1433 3562 1453 3627 J
1457 3563 1599 3628 ohannes
1615 3562 1779 3647 quondam
1794 3561 1913 3626 tenuit.

535 3698 699 3765 Walterus
719 3700 867 3765 'Ferrour
894 3708 985 3768 tenet
1013 3705 1057 3770 ix.
1088 3709 1215 3788 partem
1251 3709 1284 3768 et
1314 3725 1361 3768 cc.
1392 3706 1520 3787 partem
1553 3702 1587 3763 in
1624 3700 1883 3791 Baswxrsraoaa,
1911 3719 1991 3785 quas

491 3786 675 3851 Willelmua
690 3786 830 3853 Clericus
844 3796 879 3853 et
893 3793 1049 3878 magister
1063 3792 1104 3857 de
1120 3792 1315 3857 Stilxeswold
1330 3795 1519 3855 tenuerunt.

534 3923 692 3989 Priorissa
716 3924 756 3990 de
780 3926 974 3994 Stilreswold
997 3935 1092 3995 tenet
1114 3952 1146 3996 v.
1169 3936 1298 4015 partem
1323 3935 1357 3993 et
1386 3929 1430 3994 lx.
1458 3930 1585 4012 partem
1608 3927 1632 4013 j.
1655 3926 1678 3992 f.
1701 3928 1736 3989 in
1762 3925 1887 4003 eadem,
1912 3945 1990 4010 quas

490 4012 630 4095 predicti
644 4014 830 4079 Willelmus
844 4022 880 4080 et
894 4017 1050 4102 magister
1064 4024 1253 4084 tenuerunt.

535 4148 700 4215 lohannes
722 4152 810 4217 filius
834 4153 993 4218 Willelmi
1023 4155 1085 4219 filii
1117 4155 1213 4219 Alani
1239 4135 1461 4219 Fraunlxelein
1493 4156 1583 4218 tenet
1612 4151 1663 4238 iij.
1692 4156 1819 4235 partem
1848 4151 1873 4236 j.
1901 4149 1926 4216 f.
1955 4150 1991 4215 in

491 4237 643 4318 Danaos,
658 4260 757 4324 quam
772 4240 956 4307 Willelmus
970 4242 1058 4306 filius
1074 4244 1171 4307 Alani
1185 4244 1349 4329 quondam
1364 4244 1486 4308 tenuit.

535 4376 640 4440 Abbas
654 4376 694 4440 da
709 4377 820 4441 Brune
835 4383 928 4443 tenet
942 4381 992 4466 iij.
1010 4385 1136 4465 partem
1151 4401 1207 4447 un.
1224 4382 1247 4446 i.
1265 4382 1301 4445 in
1317 4379 1487 4444 hundredo
1501 4378 1543 4444 de
1559 4377 1679 4458 Brune,
1695 4398 1792 4467 quam
1807 4375 1991 4441 Willelmus

492 4462 684 4547 Wasteneys
699 4466 864 4550 quondam
879 4471 1003 4533 tenuit.

534 4600 695 4754 Rogertrrts
721 4602 831 4705 Bagod
856 4608 950 4669 tenet
965 4626 996 4671 v.
1013 4612 1140 4688 partem
1164 4626 1221 4671 un.
1237 4605 1261 4672 f.
1276 4607 1311 4669 in
1333 4606 1507 4687 Hieram,
1525 4624 1624 4690 quam
1639 4603 1826 4668 willelmus
1842 4598 1985 4689 Bago[t]

435 4728 439 4741 -
492 4709 655 4773 quonam
686 4702 790 4756 enmt.

532 4827 625 4892 Prior
639 4827 819 4913 Hospitalis
832 4834 923 4894 tenet
938 4830 982 4897 di.
999 4832 1022 4896 i.
1039 4832 1074 4895 in
1092 4832 1211 4898 Nossa
1226 4832 1392 4899 Rcccsm.

980 5124 1094 5191 Frons
1116 5147 1160 5192 na
1183 5125 1503 5195 HUNTYNGDON.

537 5260 622 5325 Item
638 5262 752 5326 dicunt
767 5265 853 5349 quod
862 5289 916 5329 :—

536 5399 696 5465 Rcbertus
711 5402 750 5465 de
765 5400 898 5466 colevill
913 5410 1005 5469 tenet
1020 5408 1083 5494 iiij.
1099 5412 1224 5493 partem
1239 5412 1274 5472 et
1288 5378 1339 5473 xx.
1356 5412 1483 5491 partem
1498 5426 1554 5470 un.
1570 5405 1594 5470 f.
1610 5405 1647 5467 in
1665 5402 1758 5471 Scan
1772 5401 1895 5483 wisc,
1909 5421 1989 5486 quas

493 5488 653 5551 Walterus
666 5488 706 5552 de
721 5488 924 5555 Gloucestria
938 5499 1056 5560 tenuit.

535 5624 627 5776 Ριξξι·
640 5626 823 5778 Hpspitstalis
836 5635 930 5695 tenet
943 5652 974 5696 v.
990 5638 1115 5717 partem
1132 5656 1187 5700 un.
1205 5592 1229 5701 l.
1246 5636 1282 5698 in
1298 5634 1425 5713 eadem,
1440 5652 1537 5719 quam
1553 5630 1709 5717 magister
1722 5627 1847 5693 milicie
1863 5626 1992 5712 Templi

493 5730 579 5797 quon
601 5734 655 5776 am
686 5734 790 5780 enm.

536 5844 701 5937 Johannep
714 5849 754 5912 da
768 5850 963 5937 Haryngton
977 5859 1070 5921 tenet
1084 5860 1121 5945 ij.
1138 5861 1161 5927 f.
1178 5862 1213 5924 in
1228 5860 1350 5927 Macris
1366 5860 1539 5927 Pacrscsorc
1555 5860 1589 5921 et
1604 5854 1725 5930 Parvi,
1738 5869 1801 5937 que
1818 5846 1991 5933 Philippus

492 5932 533 6001 de
548 5932 699 6017 Pauntop
711 5938 872 6026 quondam
887 5943 1006 6008 tenuit.
