<?xml version="1.0" encoding="UTF-8"?>
<!DOCTYPE html PUBLIC "-//W3C//DTD XHTML 1.0 Transitional//EN"
    "http://www.w3.org/TR/xhtml1/DTD/xhtml1-transitional.dtd">
<html xmlns="http://www.w3.org/1999/xhtml" xml:lang="en" lang="en">
 <head>
  <title>
</title>
<meta http-equiv="Content-Type" content="text/html;charset=utf-8" />
  <meta name='ocr-system' content='tesseract 3.04.00' />
  <meta name='ocr-capabilities' content='ocr_page ocr_carea ocr_par ocr_line ocrx_word'/>
</head>
<body>
  <div class='ocr_page' id='page_1' title='image "./inquisitionsand00offigoog_0110.png"; bbox 0 0 5000 7050; ppageno 0'>
   <div class='ocr_carea' id='block_1_1' title="bbox 1212 1060 1486 1130">
    <p class='ocr_par' dir='ltr' id='par_1_1' title="bbox 1212 1060 1486 1130">
     <span class='ocr_line' id='line_1_1' title="bbox 1212 1060 1486 1130; baseline 0 -3"><span class='ocrx_word' id='word_1_1' title='bbox 1212 1060 1486 1130; x_wconf 67' lang='lat' dir='ltr'>nauclerus.</span> 
     </span>
    </p>
   </div>
   <div class='ocr_carea' id='block_1_2' title="bbox 983 1348 1705 1437">
    <p class='ocr_par' dir='ltr' id='par_1_2' title="bbox 983 1348 1705 1437">
     <span class='ocr_line' id='line_1_2' title="bbox 983 1348 1705 1437; baseline 0 -22"><span class='ocrx_word' id='word_1_2' title='bbox 983 1349 1290 1437; x_wconf 76' lang='lat' dir='ltr'>[Wreemrracrrrun</span> <span class='ocrx_word' id='word_1_3' title='bbox 1317 1374 1360 1416; x_wconf 84' lang='lat' dir='ltr'>nn</span> <span class='ocrx_word' id='word_1_4' title='bbox 1383 1348 1705 1437; x_wconf 83' lang='lat' dir='ltr'><strong>DERBYSHIRE.]</strong></span> 
     </span>
    </p>
   </div>
   <div class='ocr_carea' id='block_1_3' title="bbox 593 1460 2116 1637">
    <p class='ocr_par' dir='ltr' id='par_1_3' title="bbox 593 1460 2116 1637">
     <span class='ocr_line' id='line_1_3' title="bbox 635 1460 2115 1548; baseline -0.003 -21"><span class='ocrx_word' id='word_1_5' title='bbox 635 1466 815 1547; x_wconf 87' lang='lat' dir='ltr'>inquisicio</span> <span class='ocrx_word' id='word_1_6' title='bbox 831 1470 927 1547; x_wconf 88' lang='lat' dir='ltr'>capta</span> <span class='ocrx_word' id='word_1_7' title='bbox 942 1466 1027 1547; x_wconf 91' lang='lat' dir='ltr'>apud</span> <span class='ocrx_word' id='word_1_8' title='bbox 1042 1464 1177 1527; x_wconf 89' lang='lat' dir='ltr'>Preston</span> <span class='ocrx_word' id='word_1_9' title='bbox 1194 1467 1245 1527; x_wconf 91' lang='lat' dir='ltr'>die</span> <span class='ocrx_word' id='word_1_10' title='bbox 1262 1466 1353 1527; x_wconf 89' lang='lat' dir='ltr'>Lune</span> <span class='ocrx_word' id='word_1_11' title='bbox 1370 1466 1514 1548; x_wconf 85' lang='lat' dir='ltr'>proximo</span> <span class='ocrx_word' id='word_1_12' title='bbox 1531 1471 1601 1547; x_wconf 90' lang='lat' dir='ltr'>post</span> <span class='ocrx_word' id='word_1_13' title='bbox 1616 1463 1735 1526; x_wconf 81' lang='lat' dir='ltr'>festum</span> <span class='ocrx_word' id='word_1_14' title='bbox 1752 1464 1986 1545; x_wconf 82' lang='lat' dir='ltr'>Coucepcionis</span> <span class='ocrx_word' id='word_1_15' title='bbox 2007 1460 2115 1523; x_wconf 83' lang='lat' dir='ltr'>Beate</span> 
     </span>
     <span class='ocr_line' id='line_1_4' title="bbox 593 1548 2116 1637; baseline -0.003 -23"><span class='ocrx_word' id='word_1_16' title='bbox 593 1554 698 1614; x_wconf 80' lang='lat' dir='ltr'>Maria</span> <span class='ocrx_word' id='word_1_17' title='bbox 715 1553 872 1635; x_wconf 74' lang='lat' dir='ltr'>Virginis,</span> <span class='ocrx_word' id='word_1_18' title='bbox 886 1573 970 1614; x_wconf 89' lang='lat' dir='ltr'>anno</span> <span class='ocrx_word' id='word_1_19' title='bbox 985 1554 1076 1637; x_wconf 87' lang='lat' dir='ltr'>regni</span> <span class='ocrx_word' id='word_1_20' title='bbox 1091 1554 1177 1637; x_wconf 81' lang='lat' dir='ltr'>regis</span> <span class='ocrx_word' id='word_1_21' title='bbox 1193 1552 1327 1616; x_wconf 90' lang='lat' dir='ltr'>Henrici</span> <span class='ocrx_word' id='word_1_22' title='bbox 1344 1554 1425 1614; x_wconf 86' lang='lat' dir='ltr'>sexti</span> <span class='ocrx_word' id='word_1_23' title='bbox 1442 1554 1580 1631; x_wconf 89' lang='lat' dir='ltr'>decim0,</span> <span class='ocrx_word' id='word_1_24' title='bbox 1598 1572 1705 1614; x_wconf 86' lang='lat' dir='ltr'>coram</span> <span class='ocrx_word' id='word_1_25' title='bbox 1721 1549 1868 1613; x_wconf 85' lang='lat' dir='ltr'>Johanne</span> <span class='ocrx_word' id='word_1_26' title='bbox 1895 1551 1936 1613; x_wconf 89' lang='lat' dir='ltr'>de</span> <span class='ocrx_word' id='word_1_27' title='bbox 1963 1548 2116 1630; x_wconf 85' lang='lat' dir='ltr'>Stanley</span> 
     </span>
    </p>
   </div>
   <div class='ocr_carea' id='block_1_4' title="bbox 593 1637 2120 2349">
    <p class='ocr_par' dir='ltr' id='par_1_4' title="bbox 593 1637 2120 2072">
     <span class='ocr_line' id='line_1_5' title="bbox 597 1637 2120 1722; baseline -0.005 -18"><span class='ocrx_word' id='word_1_28' title='bbox 597 1647 667 1717; x_wconf 77' lang='lat' dir='ltr'>(ele.</span> <span class='ocrx_word' id='word_1_29' title='bbox 699 1662 736 1704; x_wconf 81' lang='lat' dir='ltr'>aa</span> <span class='ocrx_word' id='word_1_30' title='bbox 767 1641 880 1722; x_wconf 78' lang='lat' dir='ltr'><em>before)</em></span> <span class='ocrx_word' id='word_1_31' title='bbox 913 1660 969 1721; x_wconf 90' lang='lat' dir='ltr'>per</span> <span class='ocrx_word' id='word_1_32' title='bbox 999 1648 1234 1703; x_wconf 90' lang='lat' dir='ltr'>sacramentum</span> <span class='ocrx_word' id='word_1_33' title='bbox 1264 1640 1422 1702; x_wconf 86' lang='lat' dir='ltr'>Willelmi</span> <span class='ocrx_word' id='word_1_34' title='bbox 1453 1638 1618 1715; x_wconf 89' lang='lat' dir='ltr'>Athirton,</span> <span class='ocrx_word' id='word_1_35' title='bbox 1648 1638 1798 1715; x_wconf 87' lang='lat' dir='ltr'>ehivaler,</span> <span class='ocrx_word' id='word_1_36' title='bbox 1837 1638 1926 1701; x_wconf 90' lang='lat' dir='ltr'>Petri</span> <span class='ocrx_word' id='word_1_37' title='bbox 1968 1637 2120 1712; x_wconf 85' lang='lat' dir='ltr'>Gerard,</span> 
     </span>
     <span class='ocr_line' id='line_1_6' title="bbox 595 1720 2119 1811; baseline -0.003 -22"><span class='ocrx_word' id='word_1_38' title='bbox 595 1728 730 1789; x_wconf 89' lang='lat' dir='ltr'>Henrioi</span> <span class='ocrx_word' id='word_1_39' title='bbox 757 1727 893 1805; x_wconf 88' lang='lat' dir='ltr'>Halsall,</span> <span class='ocrx_word' id='word_1_40' title='bbox 919 1727 1077 1789; x_wconf 92' lang='lat' dir='ltr'>Hamonis</span> <span class='ocrx_word' id='word_1_41' title='bbox 1100 1728 1130 1789; x_wconf 90' lang='lat' dir='ltr'>le</span> <span class='ocrx_word' id='word_1_42' title='bbox 1155 1727 1277 1809; x_wconf 91' lang='lat' dir='ltr'>Massy,</span> <span class='ocrx_word' id='word_1_43' title='bbox 1305 1728 1439 1789; x_wconf 90' lang='lat' dir='ltr'>Henrici</span> <span class='ocrx_word' id='word_1_44' title='bbox 1466 1728 1503 1790; x_wconf 87' lang='lat' dir='ltr'>de</span> <span class='ocrx_word' id='word_1_45' title='bbox 1532 1720 1686 1811; x_wconf 86' lang='lat' dir='ltr'>Kighlay,</span> <span class='ocrx_word' id='word_1_46' title='bbox 1714 1726 1863 1810; x_wconf 87' lang='lat' dir='ltr'>Hugonis</span> <span class='ocrx_word' id='word_1_47' title='bbox 1888 1726 1928 1788; x_wconf 92' lang='lat' dir='ltr'>de</span> <span class='ocrx_word' id='word_1_48' title='bbox 1957 1722 2119 1809; x_wconf 85' lang='lat' dir='ltr'>Aghton,</span> 
     </span>
     <span class='ocr_line' id='line_1_7' title="bbox 593 1811 2112 1891; baseline 0 -18"><span class='ocrx_word' id='word_1_49' title='bbox 593 1813 751 1877; x_wconf 90' lang='lat' dir='ltr'>Willelmi</span> <span class='ocrx_word' id='word_1_50' title='bbox 766 1815 819 1877; x_wconf 93' lang='lat' dir='ltr'>del</span> <span class='ocrx_word' id='word_1_51' title='bbox 837 1813 968 1889; x_wconf 89' lang='lat' dir='ltr'>Breche,</span> <span class='ocrx_word' id='word_1_52' title='bbox 985 1814 1146 1877; x_wconf 91' lang='lat' dir='ltr'>Jobaunis</span> <span class='ocrx_word' id='word_1_53' title='bbox 1162 1815 1202 1877; x_wconf 92' lang='lat' dir='ltr'>de</span> <span class='ocrx_word' id='word_1_54' title='bbox 1219 1814 1379 1891; x_wconf 87' lang='lat' dir='ltr'>Holorolt,</span> <span class='ocrx_word' id='word_1_55' title='bbox 1395 1814 1532 1877; x_wconf 90' lang='lat' dir='ltr'>Henrici</span> <span class='ocrx_word' id='word_1_56' title='bbox 1549 1814 1711 1888; x_wconf 88' lang='lat' dir='ltr'>Blundell,</span> <span class='ocrx_word' id='word_1_57' title='bbox 1728 1813 1882 1876; x_wconf 89' lang='lat' dir='ltr'>Willelmi</span> <span class='ocrx_word' id='word_1_58' title='bbox 1898 1813 1939 1876; x_wconf 91' lang='lat' dir='ltr'>de</span> <span class='ocrx_word' id='word_1_59' title='bbox 1956 1811 2112 1887; x_wconf 84' lang='lat' dir='ltr'>Ireland,</span> 
     </span>
     <span class='ocr_line' id='line_1_8' title="bbox 593 1899 2112 1986; baseline -0.003 -23"><span class='ocrx_word' id='word_1_60' title='bbox 593 1902 757 1984; x_wconf 89' lang='lat' dir='ltr'>Radulphi</span> <span class='ocrx_word' id='word_1_61' title='bbox 774 1903 815 1964; x_wconf 88' lang='lat' dir='ltr'>de</span> <span class='ocrx_word' id='word_1_62' title='bbox 831 1901 991 1979; x_wconf 86' lang='lat' dir='ltr'>Holcroft,</span> <span class='ocrx_word' id='word_1_63' title='bbox 1007 1900 1130 1965; x_wconf 84' lang='lat' dir='ltr'>Thome</span> <span class='ocrx_word' id='word_1_64' title='bbox 1146 1902 1319 1986; x_wconf 84' lang='lat' dir='ltr'>Latedays,</span> <span class='ocrx_word' id='word_1_65' title='bbox 1334 1910 1368 1965; x_wconf 91' lang='lat' dir='ltr'>et</span> <span class='ocrx_word' id='word_1_66' title='bbox 1385 1902 1506 1965; x_wconf 88' lang='lat' dir='ltr'>Thome</span> <span class='ocrx_word' id='word_1_67' title='bbox 1521 1899 1685 1979; x_wconf 81' lang='lat' dir='ltr'>Tolehull,</span> <span class='ocrx_word' id='word_1_68' title='bbox 1699 1901 1893 1984; x_wconf 91' lang='lat' dir='ltr'>juratorum,</span> <span class='ocrx_word' id='word_1_69' title='bbox 1908 1902 1967 1985; x_wconf 88' lang='lat' dir='ltr'>qui</span> <span class='ocrx_word' id='word_1_70' title='bbox 1984 1900 2112 1961; x_wconf 88' lang='lat' dir='ltr'>dicunt</span> 
     </span>
     <span class='ocr_line' id='line_1_9' title="bbox 596 1990 1219 2072; baseline 0.006 -23"><span class='ocrx_word' id='word_1_71' title='bbox 596 2010 691 2072; x_wconf 89' lang='lat' dir='ltr'>super</span> <span class='ocrx_word' id='word_1_72' title='bbox 707 1997 945 2052; x_wconf 87' lang='lat' dir='ltr'>sacramentum</span> <span class='ocrx_word' id='word_1_73' title='bbox 959 2010 1054 2051; x_wconf 87' lang='lat' dir='ltr'>suum</span> <span class='ocrx_word' id='word_1_74' title='bbox 1069 1990 1155 2072; x_wconf 89' lang='lat' dir='ltr'>quod</span> <span class='ocrx_word' id='word_1_75' title='bbox 1166 2013 1219 2052; x_wconf 90' lang='lat'>:—</span> 
     </span>
    </p>

    <p class='ocr_par' dir='ltr' id='par_1_5' title="bbox 593 2086 2111 2349">
     <span class='ocr_line' id='line_1_10' title="bbox 636 2086 2111 2174; baseline -0.005 -20"><span class='ocrx_word' id='word_1_76' title='bbox 636 2090 801 2154; x_wconf 89' lang='lat' dir='ltr'>Johannes</span> <span class='ocrx_word' id='word_1_77' title='bbox 816 2091 856 2153; x_wconf 88' lang='lat' dir='ltr'>de</span> <span class='ocrx_word' id='word_1_78' title='bbox 874 2090 1047 2154; x_wconf 88' lang='lat' dir='ltr'>Urmeston</span> <span class='ocrx_word' id='word_1_79' title='bbox 1071 2092 1111 2153; x_wconf 87' lang='lat' dir='ltr'>de</span> <span class='ocrx_word' id='word_1_80' title='bbox 1138 2091 1311 2173; x_wconf 86' lang='lat' dir='ltr'>Westeley,</span> <span class='ocrx_word' id='word_1_81' title='bbox 1338 2090 1378 2153; x_wconf 90' lang='lat' dir='ltr'>de</span> <span class='ocrx_word' id='word_1_82' title='bbox 1402 2092 1561 2153; x_wconf 84' lang='lat' dir='ltr'>comitatu</span> <span class='ocrx_word' id='word_1_83' title='bbox 1584 2090 1782 2164; x_wconf 87' lang='lat' dir='ltr'>Lancastrie,</span> <span class='ocrx_word' id='word_1_84' title='bbox 1809 2089 2009 2174; x_wconf 88' lang='lat' dir='ltr'>gentilman,</span> <span class='ocrx_word' id='word_1_85' title='bbox 2040 2086 2111 2147; x_wconf 85' lang='lat' dir='ltr'>fuit</span> 
     </span>
     <span class='ocr_line' id='line_1_11' title="bbox 593 2176 2107 2261; baseline -0.004 -20"><span class='ocrx_word' id='word_1_86' title='bbox 593 2180 724 2241; x_wconf 79' lang='lat' dir='ltr'>saisitus</span> <span class='ocrx_word' id='word_1_87' title='bbox 738 2179 779 2240; x_wconf 89' lang='lat' dir='ltr'>de</span> <span class='ocrx_word' id='word_1_88' title='bbox 794 2179 938 2242; x_wconf 86' lang='lat' dir='ltr'>manerio</span> <span class='ocrx_word' id='word_1_89' title='bbox 953 2178 993 2241; x_wconf 91' lang='lat' dir='ltr'>de</span> <span class='ocrx_word' id='word_1_90' title='bbox 1002 2178 1188 2247; x_wconf 77' lang='lat' dir='ltr'>Wnsrrrnar</span> <span class='ocrx_word' id='word_1_91' title='bbox 1199 2178 1344 2261; x_wconf 91' lang='lat' dir='ltr'>predicto</span> <span class='ocrx_word' id='word_1_92' title='bbox 1359 2179 1411 2241; x_wconf 88' lang='lat' dir='ltr'>die</span> <span class='ocrx_word' id='word_1_93' title='bbox 1424 2178 1571 2254; x_wconf 87' lang='lat' dir='ltr'>Veneris,</span> <span class='ocrx_word' id='word_1_94' title='bbox 1582 2185 1614 2240; x_wconf 91' lang='lat' dir='ltr'>et</span> <span class='ocrx_word' id='word_1_95' title='bbox 1629 2178 1713 2240; x_wconf 88' lang='lat' dir='ltr'>illud</span> <span class='ocrx_word' id='word_1_96' title='bbox 1728 2181 1834 2241; x_wconf 83' lang='lat' dir='ltr'>tenuit</span> <span class='ocrx_word' id='word_1_97' title='bbox 1852 2198 1906 2259; x_wconf 90' lang='lat' dir='ltr'>per</span> <span class='ocrx_word' id='word_1_98' title='bbox 1922 2176 2107 2239; x_wconf 81' lang='lat' dir='ltr'><strong>servicium</strong></span> 
     </span>
     <span class='ocr_line' id='line_1_12' title="bbox 594 2266 1011 2349; baseline 0.002 -20"><span class='ocrx_word' id='word_1_99' title='bbox 594 2267 720 2329; x_wconf 85' lang='lat' dir='ltr'>decime</span> <span class='ocrx_word' id='word_1_100' title='bbox 736 2268 838 2349; x_wconf 87' lang='lat' dir='ltr'>partis</span> <span class='ocrx_word' id='word_1_101' title='bbox 853 2287 908 2329; x_wconf 91' lang='lat' dir='ltr'>un.</span> <span class='ocrx_word' id='word_1_102' title='bbox 925 2266 949 2331; x_wconf 85' lang='lat' dir='ltr'>f.</span> <span class='ocrx_word' id='word_1_103' title='bbox 966 2287 1011 2330; x_wconf 92' lang='lat' dir='ltr'>m.</span> 
     </span>
    </p>
   </div>
   <div class='ocr_carea' id='block_1_5' title="bbox 638 2366 2154 2463">
    <p class='ocr_par' dir='ltr' id='par_1_6' title="bbox 638 2328 2258 2463">
     <span class='ocr_line' id='line_1_13' title="bbox 638 2366 2154 2463; baseline -0.003 -31"><span class='ocrx_word' id='word_1_104' title='bbox 638 2371 791 2434; x_wconf 88' lang='lat' dir='ltr'>Ricardus</span> <span class='ocrx_word' id='word_1_105' title='bbox 817 2372 993 2453; x_wconf 84' lang='lat' dir='ltr'>Molyneux</span> <span class='ocrx_word' id='word_1_106' title='bbox 1015 2372 1055 2435; x_wconf 90' lang='lat' dir='ltr'>de</span> <span class='ocrx_word' id='word_1_107' title='bbox 1078 2370 1201 2450; x_wconf 82' lang='lat' dir='ltr'>Selton,</span> <span class='ocrx_word' id='word_1_108' title='bbox 1218 2372 1259 2433; x_wconf 89' lang='lat' dir='ltr'>de</span> <span class='ocrx_word' id='word_1_109' title='bbox 1286 2372 1443 2433; x_wconf 87' lang='lat' dir='ltr'>comitatu</span> <span class='ocrx_word' id='word_1_110' title='bbox 1459 2370 1613 2453; x_wconf 88' lang='lat' dir='ltr'>predicto,</span> <span class='ocrx_word' id='word_1_111' title='bbox 1630 2369 1734 2446; x_wconf 88' lang='lat' dir='ltr'>miles,</span> <span class='ocrx_word' id='word_1_112' title='bbox 1749 2370 1814 2432; x_wconf 84' lang='lat' dir='ltr'>luit</span> <span class='ocrx_word' id='word_1_113' title='bbox 1829 2370 1960 2432; x_wconf 88' lang='lat' dir='ltr'>seisitus</span> <span class='ocrx_word' id='word_1_114' title='bbox 1975 2372 2045 2431; x_wconf 84' lang='lat' dir='ltr'>etc.</span> <span class='ocrx_word' id='word_1_115' title='bbox 2065 2366 2108 2428; x_wconf 91' lang='lat' dir='ltr'>de</span> <span class='ocrx_word' id='word_1_116' title='bbox 2148 2453 2154 2463; x_wconf 35' lang='grc'>1</span> 
     </span>
    </p>
   </div>
   <div class='ocr_carea' id='block_1_6' title="bbox 594 2457 1894 2541">
    <p class='ocr_par' dir='ltr' id='par_1_7' title="bbox 594 2457 1894 2541">
     <span class='ocr_line' id='line_1_14' title="bbox 594 2457 1894 2541; baseline 0 -20"><span class='ocrx_word' id='word_1_117' title='bbox 594 2461 736 2522; x_wconf 86' lang='lat' dir='ltr'>manerio</span> <span class='ocrx_word' id='word_1_118' title='bbox 750 2460 791 2523; x_wconf 90' lang='lat' dir='ltr'>de</span> <span class='ocrx_word' id='word_1_119' title='bbox 809 2460 949 2535; x_wconf 72' lang='lat' dir='ltr'>Samon,</span> <span class='ocrx_word' id='word_1_120' title='bbox 964 2466 999 2521; x_wconf 90' lang='lat' dir='ltr'>et</span> <span class='ocrx_word' id='word_1_121' title='bbox 1013 2457 1093 2522; x_wconf 91' lang='lat' dir='ltr'>illud</span> <span class='ocrx_word' id='word_1_122' title='bbox 1110 2461 1214 2521; x_wconf 80' lang='lat' dir='ltr'>tenuit</span> <span class='ocrx_word' id='word_1_123' title='bbox 1231 2479 1289 2541; x_wconf 89' lang='lat' dir='ltr'>per</span> <span class='ocrx_word' id='word_1_124' title='bbox 1304 2459 1473 2521; x_wconf 77' lang='lat' dir='ltr'>servicium</span> <span class='ocrx_word' id='word_1_125' title='bbox 1489 2460 1604 2541; x_wconf 87' lang='lat' dir='ltr'>quinte</span> <span class='ocrx_word' id='word_1_126' title='bbox 1621 2458 1722 2540; x_wconf 88' lang='lat' dir='ltr'>partis</span> <span class='ocrx_word' id='word_1_127' title='bbox 1739 2478 1793 2521; x_wconf 91' lang='lat' dir='ltr'>un.</span> <span class='ocrx_word' id='word_1_128' title='bbox 1812 2458 1834 2521; x_wconf 85' lang='lat' dir='ltr'>f.</span> <span class='ocrx_word' id='word_1_129' title='bbox 1851 2478 1894 2521; x_wconf 90' lang='lat' dir='ltr'>m.</span> 
     </span>
    </p>
   </div>
   <div class='ocr_carea' id='block_1_7' title="bbox 595 2556 2107 2820">
    <p class='ocr_par' dir='ltr' id='par_1_8' title="bbox 595 2556 2107 2820">
     <span class='ocr_line' id='line_1_15' title="bbox 639 2556 2107 2645; baseline -0.004 -21"><span class='ocrx_word' id='word_1_130' title='bbox 639 2564 821 2626; x_wconf 88' lang='lat' dir='ltr'>Willelmus</span> <span class='ocrx_word' id='word_1_131' title='bbox 846 2563 888 2625; x_wconf 91' lang='lat' dir='ltr'>de</span> <span class='ocrx_word' id='word_1_132' title='bbox 914 2563 1042 2625; x_wconf 89' lang='lat' dir='ltr'>Holand</span> <span class='ocrx_word' id='word_1_133' title='bbox 1072 2563 1112 2625; x_wconf 92' lang='lat' dir='ltr'>de</span> <span class='ocrx_word' id='word_1_134' title='bbox 1137 2562 1361 2638; x_wconf 86' lang='lat' dir='ltr'>Dounholand,</span> <span class='ocrx_word' id='word_1_135' title='bbox 1385 2562 1425 2623; x_wconf 91' lang='lat' dir='ltr'>de</span> <span class='ocrx_word' id='word_1_136' title='bbox 1449 2564 1606 2625; x_wconf 85' lang='lat' dir='ltr'>comitatu</span> <span class='ocrx_word' id='word_1_137' title='bbox 1630 2560 1785 2645; x_wconf 87' lang='lat' dir='ltr'>predicto,</span> <span class='ocrx_word' id='word_1_138' title='bbox 1814 2558 2008 2645; x_wconf 86' lang='lat' dir='ltr'>gentilmau,</span> <span class='ocrx_word' id='word_1_139' title='bbox 2037 2556 2107 2619; x_wconf 88' lang='lat' dir='ltr'>fuit</span> 
     </span>
     <span class='ocr_line' id='line_1_16' title="bbox 595 2648 2106 2820; baseline -0.005 -107"><span class='ocrx_word' id='word_1_140' title='bbox 595 2651 738 2820; x_wconf 49' lang='grc' dir='ltr'>ῑῃιιιῐιξὲιῗ1</span> <span class='ocrx_word' id='word_1_141' title='bbox 738 2658 812 2800; x_wconf 67' lang='lat' dir='ltr'>1ptof</span> <span class='ocrx_word' id='word_1_142' title='bbox 828 2650 880 2799; x_wconf 56' lang='lat' dir='ltr'>ge</span> <span class='ocrx_word' id='word_1_143' title='bbox 907 2652 1054 2713; x_wconf 86' lang='lat' dir='ltr'>manerio</span> <span class='ocrx_word' id='word_1_144' title='bbox 1079 2650 1119 2712; x_wconf 92' lang='lat' dir='ltr'>de</span> <span class='ocrx_word' id='word_1_145' title='bbox 1147 2651 1390 2728; x_wconf 74' lang='lat' dir='ltr'>Dourrnonarru,</span> <span class='ocrx_word' id='word_1_146' title='bbox 1416 2655 1450 2712; x_wconf 86' lang='lat' dir='ltr'>et</span> <span class='ocrx_word' id='word_1_147' title='bbox 1478 2649 1558 2714; x_wconf 90' lang='lat' dir='ltr'>illud</span> <span class='ocrx_word' id='word_1_148' title='bbox 1582 2650 1692 2713; x_wconf 86' lang='lat' dir='ltr'>tenuit</span> <span class='ocrx_word' id='word_1_149' title='bbox 1719 2670 1774 2732; x_wconf 89' lang='lat' dir='ltr'>per</span> <span class='ocrx_word' id='word_1_150' title='bbox 1796 2648 1966 2711; x_wconf 82' lang='lat' dir='ltr'>servicium</span> <span class='ocrx_word' id='word_1_151' title='bbox 1983 2653 2106 2729; x_wconf 88' lang='lat' dir='ltr'>quarte</span> 
     </span>
    </p>
   </div>
   <div class='ocr_carea' id='block_1_8' title="bbox 593 2838 2105 3101">
    <p class='ocr_par' dir='ltr' id='par_1_9' title="bbox 593 2838 2105 3101">
     <span class='ocr_line' id='line_1_17' title="bbox 639 2838 2105 2928; baseline -0.003 -24"><span class='ocrx_word' id='word_1_152' title='bbox 639 2844 756 2928; x_wconf 80' lang='lat' dir='ltr'>Agnes,</span> <span class='ocrx_word' id='word_1_153' title='bbox 765 2862 827 2924; x_wconf 87' lang='lat' dir='ltr'>que</span> <span class='ocrx_word' id='word_1_154' title='bbox 843 2841 908 2904; x_wconf 82' lang='lat' dir='ltr'>fuit</span> <span class='ocrx_word' id='word_1_155' title='bbox 922 2863 1001 2904; x_wconf 87' lang='lat' dir='ltr'>uxor</span> <span class='ocrx_word' id='word_1_156' title='bbox 1017 2842 1152 2905; x_wconf 89' lang='lat' dir='ltr'>Henrici</span> <span class='ocrx_word' id='word_1_157' title='bbox 1169 2842 1209 2905; x_wconf 91' lang='lat' dir='ltr'>de</span> <span class='ocrx_word' id='word_1_158' title='bbox 1221 2842 1384 2926; x_wconf 86' lang='lat' dir='ltr'>Laugton,</span> <span class='ocrx_word' id='word_1_159' title='bbox 1397 2862 1502 2923; x_wconf 82' lang='lat' dir='ltr'>nuper</span> <span class='ocrx_word' id='word_1_160' title='bbox 1514 2841 1553 2903; x_wconf 91' lang='lat' dir='ltr'>de</span> <span class='ocrx_word' id='word_1_161' title='bbox 1564 2840 1594 2902; x_wconf 92' lang='lat' dir='ltr'>N</span> <span class='ocrx_word' id='word_1_162' title='bbox 1597 2846 1706 2917; x_wconf 87' lang='lat' dir='ltr'>euton,</span> <span class='ocrx_word' id='word_1_163' title='bbox 1718 2841 1752 2902; x_wconf 91' lang='lat' dir='ltr'>in</span> <span class='ocrx_word' id='word_1_164' title='bbox 1765 2840 1925 2902; x_wconf 86' lang='lat' dir='ltr'>comitatu</span> <span class='ocrx_word' id='word_1_165' title='bbox 1940 2838 2105 2921; x_wconf 73' lang='lat' dir='ltr'>predicte,</span> 
     </span>
     <span class='ocr_line' id='line_1_18' title="bbox 593 2926 2103 3013; baseline -0.004 -22"><span class='ocrx_word' id='word_1_166' title='bbox 593 2928 661 2992; x_wconf 86' lang='lat' dir='ltr'>fuit</span> <span class='ocrx_word' id='word_1_167' title='bbox 676 2930 788 2992; x_wconf 88' lang='lat' dir='ltr'>seisita</span> <span class='ocrx_word' id='word_1_168' title='bbox 804 2935 866 2993; x_wconf 88' lang='lat' dir='ltr'>eto.</span> <span class='ocrx_word' id='word_1_169' title='bbox 884 2928 923 2991; x_wconf 90' lang='lat' dir='ltr'>de</span> <span class='ocrx_word' id='word_1_170' title='bbox 939 2936 1054 3012; x_wconf 89' lang='lat' dir='ltr'>quarta</span> <span class='ocrx_word' id='word_1_171' title='bbox 1068 2936 1161 3013; x_wconf 89' lang='lat' dir='ltr'>parte</span> <span class='ocrx_word' id='word_1_172' title='bbox 1178 2930 1316 2991; x_wconf 90' lang='lat' dir='ltr'>manerii</span> <span class='ocrx_word' id='word_1_173' title='bbox 1332 2930 1372 2991; x_wconf 88' lang='lat' dir='ltr'>de</span> <span class='ocrx_word' id='word_1_174' title='bbox 1394 2929 1544 3005; x_wconf 74' lang='lat' dir='ltr'>Neurus,</span> <span class='ocrx_word' id='word_1_175' title='bbox 1571 2930 1702 2991; x_wconf 87' lang='lat' dir='ltr'>nomine</span> <span class='ocrx_word' id='word_1_176' title='bbox 1726 2929 1812 2991; x_wconf 92' lang='lat' dir='ltr'>dotis</span> <span class='ocrx_word' id='word_1_177' title='bbox 1839 2947 1908 3003; x_wconf 90' lang='lat' dir='ltr'>sue,</span> <span class='ocrx_word' id='word_1_178' title='bbox 1929 2936 1963 2988; x_wconf 84' lang='lat' dir='ltr'>et</span> <span class='ocrx_word' id='word_1_179' title='bbox 1986 2926 2103 2989; x_wconf 85' lang='lat' dir='ltr'>tenuit</span> 
     </span>
     <span class='ocr_line' id='line_1_19' title="bbox 595 3016 1761 3101; baseline 0 -22"><span class='ocrx_word' id='word_1_180' title='bbox 595 3016 775 3099; x_wconf 89' lang='lat' dir='ltr'>predictam</span> <span class='ocrx_word' id='word_1_181' title='bbox 791 3024 938 3098; x_wconf 90' lang='lat' dir='ltr'>quartam</span> <span class='ocrx_word' id='word_1_182' title='bbox 956 3023 1082 3100; x_wconf 89' lang='lat' dir='ltr'>partem</span> <span class='ocrx_word' id='word_1_183' title='bbox 1097 3038 1153 3101; x_wconf 84' lang='lat' dir='ltr'>per</span> <span class='ocrx_word' id='word_1_184' title='bbox 1169 3017 1340 3079; x_wconf 87' lang='lat' dir='ltr'>servicium</span> <span class='ocrx_word' id='word_1_185' title='bbox 1357 3024 1470 3099; x_wconf 91' lang='lat' dir='ltr'>quarte</span> <span class='ocrx_word' id='word_1_186' title='bbox 1485 3016 1589 3098; x_wconf 85' lang='lat' dir='ltr'>partis</span> <span class='ocrx_word' id='word_1_187' title='bbox 1604 3036 1659 3079; x_wconf 91' lang='lat' dir='ltr'>un.</span> <span class='ocrx_word' id='word_1_188' title='bbox 1676 3016 1700 3081; x_wconf 86' lang='lat' dir='ltr'>f.</span> <span class='ocrx_word' id='word_1_189' title='bbox 1717 3036 1761 3079; x_wconf 90' lang='lat' dir='ltr'>m.</span> 
     </span>
    </p>
   </div>
   <div class='ocr_carea' id='block_1_9' title="bbox 595 3121 2121 6042">
    <p class='ocr_par' dir='ltr' id='par_1_10' title="bbox 595 3121 2121 3887">
     <span class='ocr_line' id='line_1_20' title="bbox 640 3121 2101 3205; baseline -0.003 -21"><span class='ocrx_word' id='word_1_190' title='bbox 640 3121 789 3196; x_wconf 83' lang='lat' dir='ltr'>Thomas,</span> <span class='ocrx_word' id='word_1_191' title='bbox 804 3121 972 3203; x_wconf 90' lang='lat' dir='ltr'>episcopus</span> <span class='ocrx_word' id='word_1_192' title='bbox 988 3122 1228 3198; x_wconf 90' lang='lat' dir='ltr'>Dunelmensis,</span> <span class='ocrx_word' id='word_1_193' title='bbox 1244 3121 1425 3184; x_wconf 87' lang='lat' dir='ltr'>Willelmus</span> <span class='ocrx_word' id='word_1_194' title='bbox 1440 3122 1479 3183; x_wconf 89' lang='lat' dir='ltr'>de</span> <span class='ocrx_word' id='word_1_195' title='bbox 1496 3121 1657 3205; x_wconf 84' lang='lat' dir='ltr'>Langton,</span> <span class='ocrx_word' id='word_1_196' title='bbox 1672 3122 1712 3185; x_wconf 89' lang='lat' dir='ltr'>de</span> <span class='ocrx_word' id='word_1_197' title='bbox 1730 3122 1864 3205; x_wconf 84' lang='lat' dir='ltr'>Wygan,</span> <span class='ocrx_word' id='word_1_198' title='bbox 1880 3121 1919 3181; x_wconf 87' lang='lat' dir='ltr'>de</span> <span class='ocrx_word' id='word_1_199' title='bbox 1935 3121 2101 3182; x_wconf 86' lang='lat' dir='ltr'>comitatu</span> 
     </span>
     <span class='ocr_line' id='line_1_21' title="bbox 595 3208 2102 3294; baseline -0.003 -23"><span class='ocrx_word' id='word_1_200' title='bbox 595 3211 751 3294; x_wconf 82' lang='lat' dir='ltr'>predicta,</span> <span class='ocrx_word' id='word_1_201' title='bbox 766 3209 911 3286; x_wconf 86' lang='lat' dir='ltr'>clericus,</span> <span class='ocrx_word' id='word_1_202' title='bbox 927 3208 1066 3271; x_wconf 87' lang='lat' dir='ltr'>Jacobus</span> <span class='ocrx_word' id='word_1_203' title='bbox 1082 3210 1123 3271; x_wconf 92' lang='lat' dir='ltr'>de</span> <span class='ocrx_word' id='word_1_204' title='bbox 1141 3210 1300 3293; x_wconf 86' lang='lat' dir='ltr'>Langton,</span> <span class='ocrx_word' id='word_1_205' title='bbox 1325 3230 1460 3293; x_wconf 84' lang='lat' dir='ltr'>persone</span> <span class='ocrx_word' id='word_1_206' title='bbox 1482 3208 1615 3271; x_wconf 88' lang='lat' dir='ltr'>ecclesie</span> <span class='ocrx_word' id='word_1_207' title='bbox 1641 3209 1682 3271; x_wconf 89' lang='lat' dir='ltr'>de</span> <span class='ocrx_word' id='word_1_208' title='bbox 1710 3209 1848 3293; x_wconf 84' lang='lat' dir='ltr'>Wygau,</span> <span class='ocrx_word' id='word_1_209' title='bbox 1872 3208 1912 3269; x_wconf 88' lang='lat' dir='ltr'>de</span> <span class='ocrx_word' id='word_1_210' title='bbox 1937 3210 2102 3269; x_wconf 90' lang='lat' dir='ltr'>comitatu</span> 
     </span>
     <span class='ocr_line' id='line_1_22' title="bbox 598 3294 2103 3381; baseline -0.003 -22"><span class='ocrx_word' id='word_1_211' title='bbox 598 3298 755 3381; x_wconf 87' lang='lat' dir='ltr'>predicto,</span> <span class='ocrx_word' id='word_1_212' title='bbox 780 3295 941 3358; x_wconf 88' lang='lat' dir='ltr'>Henricus</span> <span class='ocrx_word' id='word_1_213' title='bbox 968 3297 1007 3357; x_wconf 82' lang='lat' dir='ltr'>de</span> <span class='ocrx_word' id='word_1_214' title='bbox 1035 3295 1191 3380; x_wconf 86' lang='lat' dir='ltr'>Kighley,</span> <span class='ocrx_word' id='word_1_215' title='bbox 1216 3297 1256 3360; x_wconf 89' lang='lat' dir='ltr'>da</span> <span class='ocrx_word' id='word_1_216' title='bbox 1282 3294 1501 3381; x_wconf 85' lang='lat' dir='ltr'>Lightshagh,</span> <span class='ocrx_word' id='word_1_217' title='bbox 1528 3295 1568 3358; x_wconf 88' lang='lat' dir='ltr'>de</span> <span class='ocrx_word' id='word_1_218' title='bbox 1593 3297 1751 3359; x_wconf 84' lang='lat' dir='ltr'>comitatu</span> <span class='ocrx_word' id='word_1_219' title='bbox 1775 3296 1931 3379; x_wconf 88' lang='lat' dir='ltr'>predicto,</span> <span class='ocrx_word' id='word_1_220' title='bbox 1944 3296 2103 3378; x_wconf 88' lang='lat' dir='ltr'>armiger,</span> 
     </span>
     <span class='ocr_line' id='line_1_23' title="bbox 597 3381 2100 3467; baseline -0.003 -20"><span class='ocrx_word' id='word_1_221' title='bbox 597 3384 771 3447; x_wconf 89' lang='lat' dir='ltr'>Nioholaua</span> <span class='ocrx_word' id='word_1_222' title='bbox 787 3381 924 3445; x_wconf 81' lang='lat' dir='ltr'>Botiller</span> <span class='ocrx_word' id='word_1_223' title='bbox 939 3384 979 3446; x_wconf 90' lang='lat' dir='ltr'>de</span> <span class='ocrx_word' id='word_1_224' title='bbox 996 3384 1146 3462; x_wconf 86' lang='lat' dir='ltr'>Raucliff,</span> <span class='ocrx_word' id='word_1_225' title='bbox 1162 3386 1202 3447; x_wconf 89' lang='lat' dir='ltr'>de</span> <span class='ocrx_word' id='word_1_226' title='bbox 1218 3386 1376 3446; x_wconf 86' lang='lat' dir='ltr'>comitatu</span> <span class='ocrx_word' id='word_1_227' title='bbox 1392 3385 1545 3467; x_wconf 88' lang='lat' dir='ltr'>predicto,</span> <span class='ocrx_word' id='word_1_228' title='bbox 1567 3384 1718 3466; x_wconf 76' lang='lat' dir='ltr'>armiger,</span> <span class='ocrx_word' id='word_1_229' title='bbox 1744 3384 1850 3445; x_wconf 88' lang='lat' dir='ltr'>Hamo</span> <span class='ocrx_word' id='word_1_230' title='bbox 1866 3382 1896 3444; x_wconf 93' lang='lat' dir='ltr'>le</span> <span class='ocrx_word' id='word_1_231' title='bbox 1923 3382 2032 3464; x_wconf 83' lang='lat' dir='ltr'>Massy</span> <span class='ocrx_word' id='word_1_232' title='bbox 2056 3382 2100 3442; x_wconf 87' lang='lat' dir='ltr'>de</span> 
     </span>
     <span class='ocr_line' id='line_1_24' title="bbox 597 3470 2101 3556; baseline -0.003 -21"><span class='ocrx_word' id='word_1_233' title='bbox 597 3473 730 3548; x_wconf 83' lang='lat' dir='ltr'>Rixton,</span> <span class='ocrx_word' id='word_1_234' title='bbox 745 3470 786 3534; x_wconf 89' lang='lat' dir='ltr'>de</span> <span class='ocrx_word' id='word_1_235' title='bbox 801 3472 965 3534; x_wconf 86' lang='lat' dir='ltr'>comitatu</span> <span class='ocrx_word' id='word_1_236' title='bbox 979 3472 1137 3555; x_wconf 88' lang='lat' dir='ltr'>predicto,</span> <span class='ocrx_word' id='word_1_237' title='bbox 1152 3472 1301 3556; x_wconf 76' lang='lat' dir='ltr'>armiger,</span> <span class='ocrx_word' id='word_1_238' title='bbox 1317 3470 1482 3536; x_wconf 88' lang='lat' dir='ltr'>Johannes</span> <span class='ocrx_word' id='word_1_239' title='bbox 1498 3470 1638 3534; x_wconf 89' lang='lat' dir='ltr'>Botiller</span> <span class='ocrx_word' id='word_1_240' title='bbox 1653 3474 1692 3534; x_wconf 91' lang='lat' dir='ltr'>de</span> <span class='ocrx_word' id='word_1_241' title='bbox 1708 3470 1848 3549; x_wconf 86' lang='lat' dir='ltr'>Rauclif,</span> <span class='ocrx_word' id='word_1_242' title='bbox 1874 3470 1912 3533; x_wconf 90' lang='lat' dir='ltr'>de</span> <span class='ocrx_word' id='word_1_243' title='bbox 1938 3472 2101 3532; x_wconf 83' lang='lat' dir='ltr'>comitatu</span> 
     </span>
     <span class='ocr_line' id='line_1_25' title="bbox 596 3559 2101 3643; baseline -0.003 -22"><span class='ocrx_word' id='word_1_244' title='bbox 596 3561 752 3643; x_wconf 86' lang='lat' dir='ltr'>predicto,</span> <span class='ocrx_word' id='word_1_245' title='bbox 767 3561 917 3643; x_wconf 82' lang='lat' dir='ltr'>armiger,</span> <span class='ocrx_word' id='word_1_246' title='bbox 936 3559 1089 3622; x_wconf 86' lang='lat' dir='ltr'>Ricardus</span> <span class='ocrx_word' id='word_1_247' title='bbox 1105 3559 1265 3622; x_wconf 87' lang='lat' dir='ltr'>Shirburn</span> <span class='ocrx_word' id='word_1_248' title='bbox 1280 3563 1321 3624; x_wconf 89' lang='lat' dir='ltr'>de</span> <span class='ocrx_word' id='word_1_249' title='bbox 1338 3560 1472 3636; x_wconf 82' lang='lat' dir='ltr'>Ashton,</span> <span class='ocrx_word' id='word_1_250' title='bbox 1489 3560 1529 3622; x_wconf 92' lang='lat' dir='ltr'>de</span> <span class='ocrx_word' id='word_1_251' title='bbox 1544 3560 1705 3622; x_wconf 88' lang='lat' dir='ltr'>comitatu</span> <span class='ocrx_word' id='word_1_252' title='bbox 1719 3559 1874 3642; x_wconf 90' lang='lat' dir='ltr'>predicto,</span> <span class='ocrx_word' id='word_1_253' title='bbox 1890 3559 2042 3640; x_wconf 83' lang='lat' dir='ltr'>armiger,</span> <span class='ocrx_word' id='word_1_254' title='bbox 2065 3566 2101 3620; x_wconf 87' lang='lat' dir='ltr'>et</span> 
     </span>
     <span class='ocr_line' id='line_1_26' title="bbox 596 3646 2098 3731; baseline -0.001 -22"><span class='ocrx_word' id='word_1_255' title='bbox 596 3647 781 3711; x_wconf 76' lang='lat' dir='ltr'>willelmus</span> <span class='ocrx_word' id='word_1_256' title='bbox 796 3647 906 3728; x_wconf 78' lang='lat' dir='ltr'>Massy</span> <span class='ocrx_word' id='word_1_257' title='bbox 921 3647 962 3709; x_wconf 91' lang='lat' dir='ltr'>de</span> <span class='ocrx_word' id='word_1_258' title='bbox 978 3648 1112 3724; x_wconf 81' lang='lat' dir='ltr'>Rixtou,</span> <span class='ocrx_word' id='word_1_259' title='bbox 1127 3648 1166 3709; x_wconf 91' lang='lat' dir='ltr'>de</span> <span class='ocrx_word' id='word_1_260' title='bbox 1183 3651 1342 3711; x_wconf 87' lang='lat' dir='ltr'>comitatu</span> <span class='ocrx_word' id='word_1_261' title='bbox 1359 3647 1513 3730; x_wconf 88' lang='lat' dir='ltr'>predicto,</span> <span class='ocrx_word' id='word_1_262' title='bbox 1528 3647 1723 3731; x_wconf 88' lang='lat' dir='ltr'>gentilmon,</span> <span class='ocrx_word' id='word_1_263' title='bbox 1747 3648 1877 3709; x_wconf 86' lang='lat' dir='ltr'>luerunt</span> <span class='ocrx_word' id='word_1_264' title='bbox 1901 3646 2005 3706; x_wconf 88' lang='lat' dir='ltr'>seisiti</span> <span class='ocrx_word' id='word_1_265' title='bbox 2032 3650 2098 3708; x_wconf 85' lang='lat' dir='ltr'>ete.</span> 
     </span>
     <span class='ocr_line' id='line_1_27' title="bbox 597 3731 2121 3816; baseline -0.001 -17"><span class='ocrx_word' id='word_1_266' title='bbox 597 3736 638 3799; x_wconf 87' lang='lat' dir='ltr'>de</span> <span class='ocrx_word' id='word_1_267' title='bbox 663 3735 835 3797; x_wconf 79' lang='lat' dir='ltr'>medietate</span> <span class='ocrx_word' id='word_1_268' title='bbox 861 3735 994 3796; x_wconf 87' lang='lat' dir='ltr'>manerii</span> <span class='ocrx_word' id='word_1_269' title='bbox 1020 3736 1060 3797; x_wconf 88' lang='lat' dir='ltr'>de</span> <span class='ocrx_word' id='word_1_270' title='bbox 1085 3735 1235 3810; x_wconf 74' lang='lat' dir='ltr'>Necron,</span> <span class='ocrx_word' id='word_1_271' title='bbox 1258 3743 1290 3798; x_wconf 91' lang='lat' dir='ltr'>et</span> <span class='ocrx_word' id='word_1_272' title='bbox 1318 3735 1408 3797; x_wconf 86' lang='lat' dir='ltr'>illam</span> <span class='ocrx_word' id='word_1_273' title='bbox 1434 3738 1609 3798; x_wconf 88' lang='lat' dir='ltr'>tenuerunt</span> <span class='ocrx_word' id='word_1_274' title='bbox 1636 3734 1836 3816; x_wconf 88' lang='lat' dir='ltr'>conjunctim</span> <span class='ocrx_word' id='word_1_275' title='bbox 1852 3731 2121 3814; x_wconf 86' lang='lat' dir='ltr'>perservicium.</span> 
     </span>
     <span class='ocr_line' id='line_1_28' title="bbox 598 3822 746 3887; baseline 0.007 -2"><span class='ocrx_word' id='word_1_276' title='bbox 598 3824 642 3887; x_wconf 92' lang='lat' dir='ltr'>di.</span> <span class='ocrx_word' id='word_1_277' title='bbox 660 3822 683 3887; x_wconf 87' lang='lat' dir='ltr'>f.</span> <span class='ocrx_word' id='word_1_278' title='bbox 701 3843 746 3886; x_wconf 93' lang='lat' dir='ltr'>m.</span> 
     </span>
    </p>

    <p class='ocr_par' dir='ltr' id='par_1_11' title="bbox 598 3921 2101 4182">
     <span class='ocr_line' id='line_1_29' title="bbox 642 3921 2100 4010; baseline -0.001 -25"><span class='ocrx_word' id='word_1_279' title='bbox 642 3924 758 3999; x_wconf 89' lang='lat' dir='ltr'>Alicia,</span> <span class='ocrx_word' id='word_1_280' title='bbox 781 3944 844 4006; x_wconf 89' lang='lat' dir='ltr'>que</span> <span class='ocrx_word' id='word_1_281' title='bbox 872 3923 936 3985; x_wconf 89' lang='lat' dir='ltr'>fuit</span> <span class='ocrx_word' id='word_1_282' title='bbox 960 3943 1040 3985; x_wconf 90' lang='lat' dir='ltr'>uxor</span> <span class='ocrx_word' id='word_1_283' title='bbox 1070 3923 1234 4008; x_wconf 87' lang='lat' dir='ltr'>Radulphi</span> <span class='ocrx_word' id='word_1_284' title='bbox 1265 3926 1304 3987; x_wconf 90' lang='lat' dir='ltr'>de</span> <span class='ocrx_word' id='word_1_285' title='bbox 1333 3927 1494 4010; x_wconf 87' lang='lat' dir='ltr'>Langton,</span> <span class='ocrx_word' id='word_1_286' title='bbox 1525 3923 1676 4003; x_wconf 85' lang='lat' dir='ltr'>chivaler,</span> <span class='ocrx_word' id='word_1_287' title='bbox 1707 3945 1808 4007; x_wconf 90' lang='lat' dir='ltr'>nuper</span> <span class='ocrx_word' id='word_1_288' title='bbox 1836 3925 1876 3986; x_wconf 89' lang='lat' dir='ltr'>de</span> <span class='ocrx_word' id='word_1_289' title='bbox 1901 3921 2031 3986; x_wconf 86' lang='lat' dir='ltr'>Neuton</span> <span class='ocrx_word' id='word_1_290' title='bbox 2063 3922 2100 3984; x_wconf 87' lang='lat' dir='ltr'>in</span> 
     </span>
     <span class='ocr_line' id='line_1_30' title="bbox 598 4010 2101 4096; baseline -0.002 -22"><span class='ocrx_word' id='word_1_291' title='bbox 598 4013 756 4074; x_wconf 87' lang='lat' dir='ltr'>comitatu</span> <span class='ocrx_word' id='word_1_292' title='bbox 771 4010 916 4092; x_wconf 89' lang='lat' dir='ltr'>predicto</span> <span class='ocrx_word' id='word_1_293' title='bbox 931 4012 995 4072; x_wconf 81' lang='lat' dir='ltr'>fuit</span> <span class='ocrx_word' id='word_1_294' title='bbox 1010 4011 1120 4074; x_wconf 82' lang='lat' dir='ltr'>seisita</span> <span class='ocrx_word' id='word_1_295' title='bbox 1133 4019 1196 4076; x_wconf 88' lang='lat' dir='ltr'>etc.</span> <span class='ocrx_word' id='word_1_296' title='bbox 1212 4014 1254 4075; x_wconf 88' lang='lat' dir='ltr'>de</span> <span class='ocrx_word' id='word_1_297' title='bbox 1269 4020 1384 4096; x_wconf 88' lang='lat' dir='ltr'>quarta</span> <span class='ocrx_word' id='word_1_298' title='bbox 1399 4019 1488 4096; x_wconf 89' lang='lat' dir='ltr'>parte</span> <span class='ocrx_word' id='word_1_299' title='bbox 1504 4013 1640 4076; x_wconf 87' lang='lat' dir='ltr'>manerii</span> <span class='ocrx_word' id='word_1_300' title='bbox 1655 4013 1695 4074; x_wconf 87' lang='lat' dir='ltr'>de</span> <span class='ocrx_word' id='word_1_301' title='bbox 1712 4013 1861 4090; x_wconf 71' lang='lat' dir='ltr'>Nausea,</span> <span class='ocrx_word' id='word_1_302' title='bbox 1874 4030 1972 4095; x_wconf 89' lang='lat' dir='ltr'>quam</span> <span class='ocrx_word' id='word_1_303' title='bbox 1987 4014 2101 4072; x_wconf 89' lang='lat' dir='ltr'>tenuit</span> 
     </span>
     <span class='ocr_line' id='line_1_31' title="bbox 600 4098 1262 4182; baseline 0 -21"><span class='ocrx_word' id='word_1_304' title='bbox 600 4119 657 4182; x_wconf 91' lang='lat' dir='ltr'>per</span> <span class='ocrx_word' id='word_1_305' title='bbox 671 4098 843 4161; x_wconf 89' lang='lat' dir='ltr'>servicium</span> <span class='ocrx_word' id='word_1_306' title='bbox 859 4107 973 4180; x_wconf 84' lang='lat' dir='ltr'>quarte</span> <span class='ocrx_word' id='word_1_307' title='bbox 987 4100 1088 4180; x_wconf 88' lang='lat' dir='ltr'>partis</span> <span class='ocrx_word' id='word_1_308' title='bbox 1104 4121 1160 4164; x_wconf 90' lang='lat' dir='ltr'>un.</span> <span class='ocrx_word' id='word_1_309' title='bbox 1178 4100 1201 4164; x_wconf 87' lang='lat' dir='ltr'>f.</span> <span class='ocrx_word' id='word_1_310' title='bbox 1218 4121 1262 4161; x_wconf 90' lang='lat' dir='ltr'>m.</span> 
     </span>
    </p>

    <p class='ocr_par' dir='ltr' id='par_1_12' title="bbox 598 4197 2102 4529">
     <span class='ocr_line' id='line_1_32' title="bbox 643 4197 2102 4285; baseline 0 -23"><span class='ocrx_word' id='word_1_311' title='bbox 643 4201 823 4263; x_wconf 88' lang='lat' dir='ltr'>Willelmus</span> <span class='ocrx_word' id='word_1_312' title='bbox 839 4201 878 4263; x_wconf 90' lang='lat' dir='ltr'>de</span> <span class='ocrx_word' id='word_1_313' title='bbox 893 4200 1020 4263; x_wconf 83' lang='lat' dir='ltr'>Ferrers</span> <span class='ocrx_word' id='word_1_314' title='bbox 1034 4201 1074 4263; x_wconf 90' lang='lat' dir='ltr'>de</span> <span class='ocrx_word' id='word_1_315' title='bbox 1090 4202 1212 4283; x_wconf 89' lang='lat' dir='ltr'>Groby,</span> <span class='ocrx_word' id='word_1_316' title='bbox 1226 4203 1266 4264; x_wconf 89' lang='lat' dir='ltr'>de</span> <span class='ocrx_word' id='word_1_317' title='bbox 1282 4204 1440 4266; x_wconf 86' lang='lat' dir='ltr'>comitatu</span> <span class='ocrx_word' id='word_1_318' title='bbox 1458 4203 1652 4285; x_wconf 82' lang='lat' dir='ltr'>Leyceatrie,</span> <span class='ocrx_word' id='word_1_319' title='bbox 1668 4201 1820 4276; x_wconf 88' lang='lat' dir='ltr'>ohivaler,</span> <span class='ocrx_word' id='word_1_320' title='bbox 1841 4207 1876 4264; x_wconf 86' lang='lat' dir='ltr'>et</span> <span class='ocrx_word' id='word_1_321' title='bbox 1897 4197 2102 4276; x_wconf 75' lang='lat' dir='ltr'>Elisabetha,</span> 
     </span>
     <span class='ocr_line' id='line_1_33' title="bbox 598 4286 2101 4373; baseline -0.003 -22"><span class='ocrx_word' id='word_1_322' title='bbox 598 4309 680 4351; x_wconf 84' lang='lat' dir='ltr'>uxor</span> <span class='ocrx_word' id='word_1_323' title='bbox 704 4288 784 4370; x_wconf 92' lang='lat' dir='ltr'>ejus,</span> <span class='ocrx_word' id='word_1_324' title='bbox 807 4290 938 4350; x_wconf 88' lang='lat' dir='ltr'>fuerunt</span> <span class='ocrx_word' id='word_1_325' title='bbox 965 4289 1069 4350; x_wconf 90' lang='lat' dir='ltr'>seisiti</span> <span class='ocrx_word' id='word_1_326' title='bbox 1094 4294 1157 4352; x_wconf 90' lang='lat' dir='ltr'>etc.</span> <span class='ocrx_word' id='word_1_327' title='bbox 1185 4298 1222 4352; x_wconf 86' lang='lat' dir='ltr'>ut</span> <span class='ocrx_word' id='word_1_328' title='bbox 1246 4290 1285 4351; x_wconf 88' lang='lat' dir='ltr'>de</span> <span class='ocrx_word' id='word_1_329' title='bbox 1308 4289 1380 4371; x_wconf 89' lang='lat' dir='ltr'>jure</span> <span class='ocrx_word' id='word_1_330' title='bbox 1407 4291 1508 4373; x_wconf 89' lang='lat' dir='ltr'>ipsius</span> <span class='ocrx_word' id='word_1_331' title='bbox 1534 4289 1731 4368; x_wconf 87' lang='lat' dir='ltr'>Elizabethe,</span> <span class='ocrx_word' id='word_1_332' title='bbox 1758 4289 1798 4352; x_wconf 87' lang='lat' dir='ltr'>de</span> <span class='ocrx_word' id='word_1_333' title='bbox 1821 4287 1926 4351; x_wconf 88' lang='lat' dir='ltr'>tribus</span> <span class='ocrx_word' id='word_1_334' title='bbox 1950 4286 2101 4371; x_wconf 87' lang='lat' dir='ltr'>partibus</span> 
     </span>
     <span class='ocr_line' id='line_1_34' title="bbox 600 4376 2101 4460; baseline -0.001 -22"><span class='ocrx_word' id='word_1_335' title='bbox 600 4376 737 4438; x_wconf 90' lang='lat' dir='ltr'>manerii</span> <span class='ocrx_word' id='word_1_336' title='bbox 760 4377 800 4438; x_wconf 90' lang='lat' dir='ltr'>de</span> <span class='ocrx_word' id='word_1_337' title='bbox 824 4376 1037 4442; x_wconf 77' lang='lat' dir='ltr'>Wsaruarorr</span> <span class='ocrx_word' id='word_1_338' title='bbox 1063 4397 1137 4439; x_wconf 91' lang='lat' dir='ltr'>cum</span> <span class='ocrx_word' id='word_1_339' title='bbox 1163 4378 1229 4440; x_wconf 90' lang='lat' dir='ltr'>suis</span> <span class='ocrx_word' id='word_1_340' title='bbox 1256 4379 1474 4460; x_wconf 83' lang='lat' dir='ltr'>pertinenciis,</span> <span class='ocrx_word' id='word_1_341' title='bbox 1501 4398 1580 4460; x_wconf 86' lang='lat' dir='ltr'>quas</span> <span class='ocrx_word' id='word_1_342' title='bbox 1605 4390 1669 4439; x_wconf 85' lang='lat' dir='ltr'>tres</span> <span class='ocrx_word' id='word_1_343' title='bbox 1700 4383 1805 4459; x_wconf 89' lang='lat' dir='ltr'>partes</span> <span class='ocrx_word' id='word_1_344' title='bbox 1834 4381 2012 4439; x_wconf 85' lang='lat' dir='ltr'>tenuerunt</span> <span class='ocrx_word' id='word_1_345' title='bbox 2042 4395 2101 4458; x_wconf 87' lang='lat' dir='ltr'>per</span> 
     </span>
     <span class='ocr_line' id='line_1_35' title="bbox 600 4463 1159 4529; baseline 0.005 -3"><span class='ocrx_word' id='word_1_346' title='bbox 600 4463 771 4526; x_wconf 89' lang='lat' dir='ltr'>servicium</span> <span class='ocrx_word' id='word_1_347' title='bbox 787 4483 844 4527; x_wconf 87' lang='lat' dir='ltr'>nu.</span> <span class='ocrx_word' id='word_1_348' title='bbox 859 4463 883 4526; x_wconf 86' lang='lat' dir='ltr'>f.</span> <span class='ocrx_word' id='word_1_349' title='bbox 901 4483 944 4526; x_wconf 94' lang='lat' dir='ltr'>m.</span> <span class='ocrx_word' id='word_1_350' title='bbox 962 4470 997 4526; x_wconf 91' lang='lat' dir='ltr'>et</span> <span class='ocrx_word' id='word_1_351' title='bbox 1012 4464 1057 4527; x_wconf 91' lang='lat' dir='ltr'>di.</span> <span class='ocrx_word' id='word_1_352' title='bbox 1074 4466 1097 4527; x_wconf 82' lang='lat' dir='ltr'>f.</span> <span class='ocrx_word' id='word_1_353' title='bbox 1114 4484 1159 4529; x_wconf 90' lang='lat' dir='ltr'>m.</span> 
     </span>
    </p>

    <p class='ocr_par' dir='ltr' id='par_1_13' title="bbox 600 4565 2102 5000">
     <span class='ocr_line' id='line_1_36' title="bbox 644 4565 2102 4652; baseline 0 -24"><span class='ocrx_word' id='word_1_354' title='bbox 644 4566 792 4644; x_wconf 81' lang='lat' dir='ltr'>Thomas,</span> <span class='ocrx_word' id='word_1_355' title='bbox 824 4566 993 4649; x_wconf 90' lang='lat' dir='ltr'>episcopus</span> <span class='ocrx_word' id='word_1_356' title='bbox 1023 4567 1262 4645; x_wconf 90' lang='lat' dir='ltr'>Duneimensis,</span> <span class='ocrx_word' id='word_1_357' title='bbox 1293 4568 1475 4630; x_wconf 85' lang='lat' dir='ltr'>Willelmus</span> <span class='ocrx_word' id='word_1_358' title='bbox 1505 4567 1545 4629; x_wconf 88' lang='lat' dir='ltr'>dc</span> <span class='ocrx_word' id='word_1_359' title='bbox 1577 4567 1771 4652; x_wconf 86' lang='lat' dir='ltr'>Haryngton</span> <span class='ocrx_word' id='word_1_360' title='bbox 1800 4567 1840 4630; x_wconf 89' lang='lat' dir='ltr'>da</span> <span class='ocrx_word' id='word_1_361' title='bbox 1871 4565 2034 4648; x_wconf 86' lang='lat' dir='ltr'>Horneby,</span> <span class='ocrx_word' id='word_1_362' title='bbox 2058 4566 2102 4628; x_wconf 85' lang='lat' dir='ltr'>de</span> 
     </span>
     <span class='ocr_line' id='line_1_37' title="bbox 600 4653 2102 4738; baseline -0.002 -20"><span class='ocrx_word' id='word_1_363' title='bbox 600 4656 760 4718; x_wconf 87' lang='lat' dir='ltr'>comitatu</span> <span class='ocrx_word' id='word_1_364' title='bbox 787 4654 983 4732; x_wconf 88' lang='lat' dir='ltr'>Lancastrie,</span> <span class='ocrx_word' id='word_1_365' title='bbox 1008 4654 1111 4734; x_wconf 92' lang='lat' dir='ltr'>miles,</span> <span class='ocrx_word' id='word_1_366' title='bbox 1136 4655 1243 4718; x_wconf 89' lang='lat' dir='ltr'>Hamo</span> <span class='ocrx_word' id='word_1_367' title='bbox 1269 4656 1299 4717; x_wconf 90' lang='lat' dir='ltr'>le</span> <span class='ocrx_word' id='word_1_368' title='bbox 1326 4655 1434 4738; x_wconf 88' lang='lat' dir='ltr'>Massy</span> <span class='ocrx_word' id='word_1_369' title='bbox 1459 4656 1499 4716; x_wconf 92' lang='lat' dir='ltr'>de</span> <span class='ocrx_word' id='word_1_370' title='bbox 1529 4655 1660 4731; x_wconf 88' lang='lat' dir='ltr'>Rixton,</span> <span class='ocrx_word' id='word_1_371' title='bbox 1687 4657 1727 4716; x_wconf 88' lang='lat' dir='ltr'>de</span> <span class='ocrx_word' id='word_1_372' title='bbox 1757 4655 1917 4716; x_wconf 82' lang='lat' dir='ltr'>comitatu</span> <span class='ocrx_word' id='word_1_373' title='bbox 1943 4653 2102 4736; x_wconf 81' lang='lat' dir='ltr'>predicta,</span> 
     </span>
     <span class='ocr_line' id='line_1_38' title="bbox 601 4741 2102 4827; baseline -0.002 -23"><span class='ocrx_word' id='word_1_374' title='bbox 601 4741 795 4827; x_wconf 86' lang='lat' dir='ltr'>gentilrnon,</span> <span class='ocrx_word' id='word_1_375' title='bbox 809 4747 842 4802; x_wconf 90' lang='lat' dir='ltr'>et</span> <span class='ocrx_word' id='word_1_376' title='bbox 858 4741 1041 4805; x_wconf 86' lang='lat' dir='ltr'>Willelmus</span> <span class='ocrx_word' id='word_1_377' title='bbox 1056 4741 1228 4818; x_wconf 81' lang='lat' dir='ltr'>Arosmyth</span> <span class='ocrx_word' id='word_1_378' title='bbox 1250 4743 1291 4804; x_wconf 90' lang='lat' dir='ltr'>de</span> <span class='ocrx_word' id='word_1_379' title='bbox 1318 4741 1514 4826; x_wconf 86' lang='lat' dir='ltr'>Weryngton</span> <span class='ocrx_word' id='word_1_380' title='bbox 1540 4741 1581 4803; x_wconf 89' lang='lat' dir='ltr'>de</span> <span class='ocrx_word' id='word_1_381' title='bbox 1605 4743 1763 4804; x_wconf 84' lang='lat' dir='ltr'>comitatu</span> <span class='ocrx_word' id='word_1_382' title='bbox 1789 4741 1942 4824; x_wconf 87' lang='lat' dir='ltr'>predicto,</span> <span class='ocrx_word' id='word_1_383' title='bbox 1967 4761 2102 4816; x_wconf 84' lang='lat' dir='ltr'>mercer,</span> 
     </span>
     <span class='ocr_line' id='line_1_39' title="bbox 600 4828 2101 4912; baseline 0 -22"><span class='ocrx_word' id='word_1_384' title='bbox 600 4833 734 4892; x_wconf 85' lang='lat' dir='ltr'>fuerunt</span> <span class='ocrx_word' id='word_1_385' title='bbox 760 4829 862 4891; x_wconf 82' lang='lat' dir='ltr'>seisiti</span> <span class='ocrx_word' id='word_1_386' title='bbox 887 4828 1034 4912; x_wconf 88' lang='lat' dir='ltr'>predicto</span> <span class='ocrx_word' id='word_1_387' title='bbox 1053 4830 1107 4892; x_wconf 90' lang='lat' dir='ltr'>die</span> <span class='ocrx_word' id='word_1_388' title='bbox 1125 4831 1257 4893; x_wconf 87' lang='lat' dir='ltr'>Veneris</span> <span class='ocrx_word' id='word_1_389' title='bbox 1283 4829 1323 4892; x_wconf 87' lang='lat' dir='ltr'>de</span> <span class='ocrx_word' id='word_1_390' title='bbox 1347 4839 1464 4912; x_wconf 87' lang='lat' dir='ltr'>quarta</span> <span class='ocrx_word' id='word_1_391' title='bbox 1489 4837 1581 4912; x_wconf 90' lang='lat' dir='ltr'>parte</span> <span class='ocrx_word' id='word_1_392' title='bbox 1607 4830 1744 4890; x_wconf 84' lang='lat' dir='ltr'>manerii</span> <span class='ocrx_word' id='word_1_393' title='bbox 1768 4828 1807 4891; x_wconf 91' lang='lat' dir='ltr'>de</span> <span class='ocrx_word' id='word_1_394' title='bbox 1822 4829 2046 4906; x_wconf 69' lang='lat' dir='ltr'>wermonon,</span> <span class='ocrx_word' id='word_1_395' title='bbox 2065 4837 2101 4890; x_wconf 89' lang='lat' dir='ltr'>et</span> 
     </span>
     <span class='ocr_line' id='line_1_40' title="bbox 601 4915 1519 5000; baseline 0.001 -21"><span class='ocrx_word' id='word_1_396' title='bbox 601 4918 692 4980; x_wconf 90' lang='lat' dir='ltr'>illam</span> <span class='ocrx_word' id='word_1_397' title='bbox 709 4922 881 4978; x_wconf 88' lang='lat' dir='ltr'>tenuerunt</span> <span class='ocrx_word' id='word_1_398' title='bbox 896 4915 1097 5000; x_wconf 89' lang='lat' dir='ltr'>conjunctim</span> <span class='ocrx_word' id='word_1_399' title='bbox 1113 4938 1170 5000; x_wconf 89' lang='lat' dir='ltr'>per</span> <span class='ocrx_word' id='word_1_400' title='bbox 1185 4918 1357 4979; x_wconf 90' lang='lat' dir='ltr'>servicium</span> <span class='ocrx_word' id='word_1_401' title='bbox 1373 4917 1418 4981; x_wconf 89' lang='lat' dir='ltr'>di.</span> <span class='ocrx_word' id='word_1_402' title='bbox 1434 4917 1458 4982; x_wconf 86' lang='lat' dir='ltr'>f.</span> <span class='ocrx_word' id='word_1_403' title='bbox 1475 4937 1519 4980; x_wconf 92' lang='lat' dir='ltr'>m.</span> 
     </span>
    </p>

    <p class='ocr_par' dir='ltr' id='par_1_14' title="bbox 600 5019 2103 5193">
     <span class='ocr_line' id='line_1_41' title="bbox 643 5019 2103 5106; baseline -0.002 -21"><span class='ocrx_word' id='word_1_404' title='bbox 643 5022 806 5086; x_wconf 90' lang='lat' dir='ltr'>Johannes</span> <span class='ocrx_word' id='word_1_405' title='bbox 820 5021 872 5084; x_wconf 90' lang='lat' dir='ltr'>del</span> <span class='ocrx_word' id='word_1_406' title='bbox 887 5022 979 5085; x_wconf 86' lang='lat' dir='ltr'>More</span> <span class='ocrx_word' id='word_1_407' title='bbox 995 5023 1034 5084; x_wconf 89' lang='lat' dir='ltr'>de</span> <span class='ocrx_word' id='word_1_408' title='bbox 1050 5022 1235 5105; x_wconf 86' lang='lat' dir='ltr'>Lyverpull,</span> <span class='ocrx_word' id='word_1_409' title='bbox 1251 5021 1293 5084; x_wconf 89' lang='lat' dir='ltr'>de</span> <span class='ocrx_word' id='word_1_410' title='bbox 1309 5023 1468 5085; x_wconf 84' lang='lat' dir='ltr'>comitatu</span> <span class='ocrx_word' id='word_1_411' title='bbox 1483 5022 1640 5104; x_wconf 86' lang='lat' dir='ltr'>predicto,</span> <span class='ocrx_word' id='word_1_412' title='bbox 1666 5021 1857 5106; x_wconf 83' lang='lat' dir='ltr'>gentilmon,</span> <span class='ocrx_word' id='word_1_413' title='bbox 1884 5021 1949 5082; x_wconf 84' lang='lat' dir='ltr'>luit</span> <span class='ocrx_word' id='word_1_414' title='bbox 1972 5019 2103 5083; x_wconf 83' lang='lat' dir='ltr'>scisitus</span> 
     </span>
     <span class='ocr_line' id='line_1_42' title="bbox 600 5106 2057 5193; baseline -0.003 -18"><span class='ocrx_word' id='word_1_415' title='bbox 600 5117 663 5176; x_wconf 90' lang='lat' dir='ltr'>etc.</span> <span class='ocrx_word' id='word_1_416' title='bbox 680 5111 721 5172; x_wconf 89' lang='lat' dir='ltr'>de</span> <span class='ocrx_word' id='word_1_417' title='bbox 736 5111 879 5172; x_wconf 90' lang='lat' dir='ltr'>manerio</span> <span class='ocrx_word' id='word_1_418' title='bbox 893 5110 933 5172; x_wconf 92' lang='lat' dir='ltr'>de</span> <span class='ocrx_word' id='word_1_419' title='bbox 948 5111 1155 5186; x_wconf 70' lang='lat' dir='ltr'>Kramnann,</span> <span class='ocrx_word' id='word_1_420' title='bbox 1171 5111 1258 5193; x_wconf 91' lang='lat' dir='ltr'>quod</span> <span class='ocrx_word' id='word_1_421' title='bbox 1272 5109 1381 5172; x_wconf 88' lang='lat' dir='ltr'>tenuit</span> <span class='ocrx_word' id='word_1_422' title='bbox 1396 5131 1453 5193; x_wconf 90' lang='lat' dir='ltr'>per</span> <span class='ocrx_word' id='word_1_423' title='bbox 1468 5110 1641 5172; x_wconf 88' lang='lat' dir='ltr'>servicium</span> <span class='ocrx_word' id='word_1_424' title='bbox 1655 5114 1770 5193; x_wconf 86' lang='lat' dir='ltr'>quarte</span> <span class='ocrx_word' id='word_1_425' title='bbox 1788 5109 1885 5190; x_wconf 81' lang='lat' dir='ltr'>partis</span> <span class='ocrx_word' id='word_1_426' title='bbox 1900 5127 1954 5171; x_wconf 93' lang='lat' dir='ltr'>un.</span> <span class='ocrx_word' id='word_1_427' title='bbox 1971 5106 1994 5172; x_wconf 84' lang='lat' dir='ltr'>f.</span> <span class='ocrx_word' id='word_1_428' title='bbox 2011 5127 2057 5172; x_wconf 91' lang='lat' dir='ltr'>m.</span> 
     </span>
    </p>

    <p class='ocr_par' dir='ltr' id='par_1_15' title="bbox 601 5212 2101 5474">
     <span class='ocr_line' id='line_1_43' title="bbox 643 5212 2101 5297; baseline -0.002 -19"><span class='ocrx_word' id='word_1_429' title='bbox 643 5215 808 5278; x_wconf 61' lang='lat' dir='ltr'>,lohannes</span> <span class='ocrx_word' id='word_1_430' title='bbox 831 5215 871 5277; x_wconf 88' lang='lat' dir='ltr'>de</span> <span class='ocrx_word' id='word_1_431' title='bbox 897 5214 1040 5297; x_wconf 84' lang='lat' dir='ltr'>Stanley,</span> <span class='ocrx_word' id='word_1_432' title='bbox 1065 5216 1105 5278; x_wconf 92' lang='lat' dir='ltr'>de</span> <span class='ocrx_word' id='word_1_433' title='bbox 1133 5214 1285 5291; x_wconf 88' lang='lat' dir='ltr'>Lathum,</span> <span class='ocrx_word' id='word_1_434' title='bbox 1311 5216 1352 5278; x_wconf 87' lang='lat' dir='ltr'>da</span> <span class='ocrx_word' id='word_1_435' title='bbox 1380 5216 1538 5278; x_wconf 90' lang='lat' dir='ltr'>comitatu</span> <span class='ocrx_word' id='word_1_436' title='bbox 1556 5213 1752 5290; x_wconf 85' lang='lat' dir='ltr'>Lancastrie,</span> <span class='ocrx_word' id='word_1_437' title='bbox 1767 5212 1873 5290; x_wconf 88' lang='lat' dir='ltr'>miles,</span> <span class='ocrx_word' id='word_1_438' title='bbox 1889 5213 1954 5276; x_wconf 85' lang='lat' dir='ltr'>suit</span> <span class='ocrx_word' id='word_1_439' title='bbox 1970 5214 2101 5275; x_wconf 87' lang='lat' dir='ltr'>seisitus</span> 
     </span>
     <span class='ocr_line' id='line_1_44' title="bbox 601 5299 2101 5384; baseline -0.002 -18"><span class='ocrx_word' id='word_1_440' title='bbox 601 5308 663 5368; x_wconf 89' lang='lat' dir='ltr'>etc.</span> <span class='ocrx_word' id='word_1_441' title='bbox 687 5304 729 5365; x_wconf 91' lang='lat' dir='ltr'>de</span> <span class='ocrx_word' id='word_1_442' title='bbox 755 5304 906 5365; x_wconf 90' lang='lat' dir='ltr'>maneriis</span> <span class='ocrx_word' id='word_1_443' title='bbox 931 5303 972 5365; x_wconf 92' lang='lat' dir='ltr'>de</span> <span class='ocrx_word' id='word_1_444' title='bbox 995 5303 1181 5368; x_wconf 79' lang='lat' dir='ltr'>Huannrorr</span> <span class='ocrx_word' id='word_1_445' title='bbox 1205 5311 1238 5364; x_wconf 88' lang='lat' dir='ltr'>et</span> <span class='ocrx_word' id='word_1_446' title='bbox 1264 5301 1485 5379; x_wconf 80' lang='lat' dir='ltr'>Soaausaaurr,</span> <span class='ocrx_word' id='word_1_447' title='bbox 1515 5322 1577 5384; x_wconf 90' lang='lat' dir='ltr'>que</span> <span class='ocrx_word' id='word_1_448' title='bbox 1604 5303 1712 5364; x_wconf 89' lang='lat' dir='ltr'>tenuit</span> <span class='ocrx_word' id='word_1_449' title='bbox 1738 5320 1796 5382; x_wconf 87' lang='lat' dir='ltr'>per</span> <span class='ocrx_word' id='word_1_450' title='bbox 1812 5299 1982 5363; x_wconf 87' lang='lat' dir='ltr'>servicium</span> <span class='ocrx_word' id='word_1_451' title='bbox 1998 5301 2101 5363; x_wconf 77' lang='lat' dir='ltr'>tercie</span> 
     </span>
     <span class='ocr_line' id='line_1_45' title="bbox 603 5389 877 5474; baseline 0.007 -22"><span class='ocrx_word' id='word_1_452' title='bbox 603 5391 705 5474; x_wconf 88' lang='lat' dir='ltr'>partis</span> <span class='ocrx_word' id='word_1_453' title='bbox 719 5410 775 5453; x_wconf 92' lang='lat' dir='ltr'>un.</span> <span class='ocrx_word' id='word_1_454' title='bbox 793 5389 815 5453; x_wconf 84' lang='lat' dir='ltr'>f.</span> <span class='ocrx_word' id='word_1_455' title='bbox 833 5409 877 5454; x_wconf 91' lang='lat' dir='ltr'>m.</span> 
     </span>
    </p>

    <p class='ocr_par' dir='ltr' id='par_1_16' title="bbox 603 5489 2104 5732">
     <span class='ocr_line' id='line_1_46' title="bbox 646 5489 2103 5575; baseline -0.004 -18"><span class='ocrx_word' id='word_1_456' title='bbox 646 5494 808 5557; x_wconf 87' lang='lat' dir='ltr'>Johannes</span> <span class='ocrx_word' id='word_1_457' title='bbox 823 5494 863 5557; x_wconf 89' lang='lat' dir='ltr'>de</span> <span class='ocrx_word' id='word_1_458' title='bbox 880 5491 1022 5575; x_wconf 85' lang='lat' dir='ltr'>Stanley,</span> <span class='ocrx_word' id='word_1_459' title='bbox 1038 5493 1078 5556; x_wconf 88' lang='lat' dir='ltr'>de</span> <span class='ocrx_word' id='word_1_460' title='bbox 1101 5490 1253 5569; x_wconf 88' lang='lat' dir='ltr'>Lathum,</span> <span class='ocrx_word' id='word_1_461' title='bbox 1276 5491 1316 5554; x_wconf 90' lang='lat' dir='ltr'>de</span> <span class='ocrx_word' id='word_1_462' title='bbox 1341 5493 1502 5554; x_wconf 89' lang='lat' dir='ltr'>comitatu</span> <span class='ocrx_word' id='word_1_463' title='bbox 1525 5489 1724 5566; x_wconf 89' lang='lat' dir='ltr'>Lancastrie,</span> <span class='ocrx_word' id='word_1_464' title='bbox 1747 5490 1851 5569; x_wconf 90' lang='lat' dir='ltr'>miles,</span> <span class='ocrx_word' id='word_1_465' title='bbox 1878 5489 1943 5552; x_wconf 85' lang='lat' dir='ltr'>fuit</span> <span class='ocrx_word' id='word_1_466' title='bbox 1969 5489 2103 5552; x_wconf 84' lang='lat' dir='ltr'>saisitus</span> 
     </span>
     <span class='ocr_line' id='line_1_47' title="bbox 603 5579 2104 5660; baseline -0.003 -16"><span class='ocrx_word' id='word_1_467' title='bbox 603 5588 666 5645; x_wconf 89' lang='lat' dir='ltr'>eto.</span> <span class='ocrx_word' id='word_1_468' title='bbox 697 5581 738 5643; x_wconf 88' lang='lat' dir='ltr'>de</span> <span class='ocrx_word' id='word_1_469' title='bbox 769 5581 922 5643; x_wconf 87' lang='lat' dir='ltr'>maneriis</span> <span class='ocrx_word' id='word_1_470' title='bbox 951 5581 992 5642; x_wconf 87' lang='lat' dir='ltr'>de</span> <span class='ocrx_word' id='word_1_471' title='bbox 1022 5581 1255 5658; x_wconf 78' lang='lat' dir='ltr'>Cnmnewann,</span> <span class='ocrx_word' id='word_1_472' title='bbox 1285 5579 1431 5656; x_wconf 77' lang='lat' dir='ltr'>Densus,</span> <span class='ocrx_word' id='word_1_473' title='bbox 1461 5589 1494 5640; x_wconf 84' lang='lat' dir='ltr'>et</span> <span class='ocrx_word' id='word_1_474' title='bbox 1526 5579 1716 5654; x_wconf 80' lang='lat' dir='ltr'>Annnarou,</span> <span class='ocrx_word' id='word_1_475' title='bbox 1746 5597 1809 5658; x_wconf 89' lang='lat' dir='ltr'>que</span> <span class='ocrx_word' id='word_1_476' title='bbox 1840 5584 2015 5640; x_wconf 88' lang='lat' dir='ltr'>tenuerunt</span> <span class='ocrx_word' id='word_1_477' title='bbox 2045 5597 2104 5660; x_wconf 86' lang='lat' dir='ltr'>per</span> 
     </span>
     <span class='ocr_line' id='line_1_48' title="bbox 604 5665 1899 5732; baseline -0.002 -2"><span class='ocrx_word' id='word_1_478' title='bbox 604 5670 777 5731; x_wconf 80' lang='lat' dir='ltr'>servicium</span> <span class='ocrx_word' id='word_1_479' title='bbox 793 5670 838 5731; x_wconf 90' lang='lat' dir='ltr'>di.</span> <span class='ocrx_word' id='word_1_480' title='bbox 856 5669 879 5731; x_wconf 88' lang='lat' dir='ltr'>f.</span> <span class='ocrx_word' id='word_1_481' title='bbox 897 5688 941 5732; x_wconf 89' lang='grc' dir='ltr'><strong>ιιι.</strong></span> <span class='ocrx_word' id='word_1_482' title='bbox 1897 5665 1899 5670; x_wconf 68' lang='grc'><strong>’</strong></span> 
     </span>
    </p>

    <p class='ocr_par' dir='ltr' id='par_1_17' title="bbox 605 5767 2104 5943">
     <span class='ocr_line' id='line_1_49' title="bbox 649 5767 2104 5852; baseline -0.003 -19"><span class='ocrx_word' id='word_1_483' title='bbox 649 5773 692 5835; x_wconf 86' lang='lat' dir='ltr'>Et</span> <span class='ocrx_word' id='word_1_484' title='bbox 707 5773 821 5835; x_wconf 91' lang='lat' dir='ltr'>dicunt</span> <span class='ocrx_word' id='word_1_485' title='bbox 834 5769 920 5852; x_wconf 90' lang='lat' dir='ltr'>quod</span> <span class='ocrx_word' id='word_1_486' title='bbox 935 5789 998 5832; x_wconf 92' lang='lat' dir='ltr'>non</span> <span class='ocrx_word' id='word_1_487' title='bbox 1014 5776 1090 5831; x_wconf 90' lang='lat' dir='ltr'>sunt</span> <span class='ocrx_word' id='word_1_488' title='bbox 1104 5769 1213 5851; x_wconf 86' lang='lat' dir='ltr'>alique</span> <span class='ocrx_word' id='word_1_489' title='bbox 1229 5787 1373 5849; x_wconf 90' lang='lat' dir='ltr'>persone,</span> <span class='ocrx_word' id='word_1_490' title='bbox 1388 5787 1451 5849; x_wconf 91' lang='lat' dir='ltr'>que</span> <span class='ocrx_word' id='word_1_491' title='bbox 1466 5767 1576 5830; x_wconf 87' lang='lat' dir='ltr'>seisite</span> <span class='ocrx_word' id='word_1_492' title='bbox 1592 5767 1722 5829; x_wconf 84' lang='lat' dir='ltr'>luerunt</span> <span class='ocrx_word' id='word_1_493' title='bbox 1741 5772 1809 5846; x_wconf 85' lang='lat' dir='ltr'>(etc.</span> <span class='ocrx_word' id='word_1_494' title='bbox 1827 5790 1863 5831; x_wconf 87' lang='lat' dir='ltr'>oa</span> <span class='ocrx_word' id='word_1_495' title='bbox 1879 5769 1991 5851; x_wconf 75' lang='lat' dir='ltr'>before)</span> <span class='ocrx_word' id='word_1_496' title='bbox 2017 5768 2104 5830; x_wconf 82' lang='lat' dir='ltr'>inira</span> 
     </span>
     <span class='ocr_line' id='line_1_50' title="bbox 605 5853 1202 5943; baseline -0.003 -21"><span class='ocrx_word' id='word_1_497' title='bbox 605 5855 885 5943; x_wconf 84' lang='lat' dir='ltr'>wappentachium</span> <span class='ocrx_word' id='word_1_498' title='bbox 900 5857 940 5919; x_wconf 90' lang='lat' dir='ltr'>de</span> <span class='ocrx_word' id='word_1_499' title='bbox 961 5853 1202 5941; x_wconf 86' lang='lat' dir='ltr'>[Derbyshire].</span> 
     </span>
    </p>

    <p class='ocr_par' dir='ltr' id='par_1_18' title="bbox 649 5958 1184 6042">
     <span class='ocr_line' id='line_1_51' title="bbox 649 5958 1184 6042; baseline -0.006 -20"><span class='ocrx_word' id='word_1_500' title='bbox 649 5961 689 6022; x_wconf 92' lang='lat' dir='ltr'>In</span> <span class='ocrx_word' id='word_1_501' title='bbox 704 5958 796 6042; x_wconf 89' lang='lat' dir='ltr'>cujus</span> <span class='ocrx_word' id='word_1_502' title='bbox 810 5960 857 6022; x_wconf 88' lang='lat' dir='ltr'>rei</span> <span class='ocrx_word' id='word_1_503' title='bbox 872 5959 1105 6036; x_wconf 86' lang='lat' dir='ltr'>testimonium,</span> <span class='ocrx_word' id='word_1_504' title='bbox 1123 5965 1184 6020; x_wconf 88' lang='lat' dir='ltr'>etc.</span> 
     </span>
    </p>
   </div>
   <div class='ocr_carea' id='block_1_10' title="bbox 0 0 2504 7044">
    <p class='ocr_par' dir='ltr' id='par_1_19' title="bbox 0 0 2504 7044">
     <span class='ocr_line' id='line_1_52' title="bbox 0 0 2504 7044; baseline 0 0"><span class='ocrx_word' id='word_1_505' title='bbox 0 0 2504 7044; x_wconf 95' lang='lat' dir='ltr'> </span> 
     </span>
    </p>
   </div>
  </div>
 </body>
</html>
