<?xml version="1.0" encoding="UTF-8"?>
<!DOCTYPE html PUBLIC "-//W3C//DTD XHTML 1.0 Transitional//EN"
    "http://www.w3.org/TR/xhtml1/DTD/xhtml1-transitional.dtd">
<html xmlns="http://www.w3.org/1999/xhtml" xml:lang="en" lang="en">
 <head>
  <title>
</title>
<meta http-equiv="Content-Type" content="text/html;charset=utf-8" />
  <meta name='ocr-system' content='tesseract 3.04.00' />
  <meta name='ocr-capabilities' content='ocr_page ocr_carea ocr_par ocr_line ocrx_word'/>
</head>
<body>
  <div class='ocr_page' id='page_1' title='image "./inquisitionsand00offigoog_0071.png"; bbox 0 0 5000 7050; ppageno 0'>
   <div class='ocr_carea' id='block_1_1' title="bbox 1092 1099 1936 1173">
    <p class='ocr_par' dir='ltr' id='par_1_1' title="bbox 1092 1099 1936 1173">
     <span class='ocr_line' id='line_1_1' title="bbox 1092 1099 1936 1173; baseline -0.004 -3"><span class='ocrx_word' id='word_1_1' title='bbox 1092 1099 1172 1171; x_wconf 75' lang='lat' dir='ltr'><strong>Ab.</strong></span> <span class='ocrx_word' id='word_1_2' title='bbox 1195 1106 1290 1173; x_wconf 80' lang='lat'>1346.</span> <span class='ocrx_word' id='word_1_3' title='bbox 1895 1100 1936 1167; x_wconf 81' lang='lat'><strong>55</strong></span> 
     </span>
    </p>
   </div>
   <div class='ocr_carea' id='block_1_2' title="bbox 428 1388 1991 3990">
    <p class='ocr_par' dir='ltr' id='par_1_2' title="bbox 428 1388 1991 3990">
     <span class='ocr_line' id='line_1_2' title="bbox 428 1388 1937 1478; baseline 0.006 -35"><span class='ocrx_word' id='word_1_4' title='bbox 428 1398 567 1446; x_wconf 89' lang='lat' dir='ltr'><strong>suorum</strong></span> <span class='ocrx_word' id='word_1_5' title='bbox 584 1390 619 1449; x_wconf 90' lang='lat' dir='ltr'><strong>et</strong></span> <span class='ocrx_word' id='word_1_6' title='bbox 637 1388 916 1456; x_wconf 89' lang='lat' dir='ltr'><strong>confirmacionem</strong></span> <span class='ocrx_word' id='word_1_7' title='bbox 932 1394 1071 1459; x_wconf 89' lang='lat' dir='ltr'><strong>celebris</strong></span> <span class='ocrx_word' id='word_1_8' title='bbox 1085 1398 1239 1460; x_wconf 84' lang='lat' dir='ltr'>memorie</span> <span class='ocrx_word' id='word_1_9' title='bbox 1255 1397 1378 1460; x_wconf 91' lang='lat' dir='ltr'><strong>domini</strong></span> <span class='ocrx_word' id='word_1_10' title='bbox 1391 1396 1524 1461; x_wconf 91' lang='lat' dir='ltr'><strong>Henrici</strong></span> <span class='ocrx_word' id='word_1_11' title='bbox 1535 1394 1697 1478; x_wconf 87' lang='lat' dir='ltr'><strong>quondam</strong></span> <span class='ocrx_word' id='word_1_12' title='bbox 1712 1393 1797 1475; x_wconf 88' lang='lat' dir='ltr'><strong>regis</strong></span> <span class='ocrx_word' id='word_1_13' title='bbox 1808 1389 1937 1475; x_wconf 81' lang='lat' dir='ltr'><strong>Anglie,</strong></span> 
     </span>
     <span class='ocr_line' id='line_1_3' title="bbox 430 1474 1937 1565; baseline 0.007 -34"><span class='ocrx_word' id='word_1_14' title='bbox 430 1474 547 1550; x_wconf 86' lang='lat' dir='ltr'>proavi</span> <span class='ocrx_word' id='word_1_15' title='bbox 558 1476 680 1552; x_wconf 90' lang='lat' dir='ltr'><strong>nostri,</strong></span> <span class='ocrx_word' id='word_1_16' title='bbox 688 1477 723 1539; x_wconf 90' lang='lat' dir='ltr'><strong>in</strong></span> <span class='ocrx_word' id='word_1_17' title='bbox 739 1499 852 1561; x_wconf 91' lang='lat' dir='ltr'><strong>puram</strong></span> <span class='ocrx_word' id='word_1_18' title='bbox 867 1490 901 1544; x_wconf 91' lang='lat' dir='ltr'><strong>et</strong></span> <span class='ocrx_word' id='word_1_19' title='bbox 915 1490 1110 1565; x_wconf 89' lang='lat' dir='ltr'><strong>perpetuam</strong></span> <span class='ocrx_word' id='word_1_20' title='bbox 1125 1484 1334 1548; x_wconf 83' lang='lat' dir='ltr'><strong>elemosinam</strong></span> <span class='ocrx_word' id='word_1_21' title='bbox 1349 1486 1388 1547; x_wconf 90' lang='lat' dir='ltr'><strong>de</strong></span> <span class='ocrx_word' id='word_1_22' title='bbox 1404 1484 1553 1547; x_wconf 89' lang='lat' dir='ltr'><strong>omnibus</strong></span> <span class='ocrx_word' id='word_1_23' title='bbox 1568 1483 1699 1546; x_wconf 84' lang='lat' dir='ltr'><strong>auxiliis</strong></span> <span class='ocrx_word' id='word_1_24' title='bbox 1709 1481 1809 1543; x_wconf 89' lang='lat' dir='ltr'><strong>libera</strong></span> <span class='ocrx_word' id='word_1_25' title='bbox 1822 1483 1937 1543; x_wconf 88' lang='lat' dir='ltr'><strong>teneat</strong></span> 
     </span>
     <span class='ocr_line' id='line_1_4' title="bbox 430 1559 1935 1656; baseline -0.001 -28"><span class='ocrx_word' id='word_1_26' title='bbox 430 1559 619 1656; x_wconf 28' lang='lat' dir='ltr'><strong>&amp;inquieta</strong></span> <span class='ocrx_word' id='word_1_27' title='bbox 659 1563 724 1627; x_wconf 88' lang='lat' dir='ltr'><strong>Vos</strong></span> <span class='ocrx_word' id='word_1_28' title='bbox 745 1572 854 1630; x_wconf 86' lang='lat' dir='ltr'><strong>tamen</strong></span> <span class='ocrx_word' id='word_1_29' title='bbox 878 1571 1106 1651; x_wconf 88' lang='lat' dir='ltr'><strong>pretendentes</strong></span> <span class='ocrx_word' id='word_1_30' title='bbox 1128 1572 1236 1655; x_wconf 86' lang='lat' dir='ltr'><strong>ipsum</strong></span> <span class='ocrx_word' id='word_1_31' title='bbox 1259 1573 1408 1635; x_wconf 81' lang='lat' dir='ltr'>abbatem</span> <span class='ocrx_word' id='word_1_32' title='bbox 1433 1572 1577 1633; x_wconf 88' lang='lat' dir='ltr'><strong>maneria</strong></span> <span class='ocrx_word' id='word_1_33' title='bbox 1601 1570 1657 1632; x_wconf 85' lang='lat' dir='ltr'><strong>illa</strong></span> <span class='ocrx_word' id='word_1_34' title='bbox 1681 1589 1738 1652; x_wconf 90' lang='lat' dir='ltr'><strong>per</strong></span> <span class='ocrx_word' id='word_1_35' title='bbox 1763 1568 1935 1630; x_wconf 75' lang='lat' dir='ltr'><strong>servicium</strong></span> 
     </span>
     <span class='ocr_line' id='line_1_5' title="bbox 430 1643 1937 1741; baseline 0.006 -37"><span class='ocrx_word' id='word_1_36' title='bbox 430 1643 582 1709; x_wconf 80' lang='lat' dir='ltr'><strong>militare</strong></span> <span class='ocrx_word' id='word_1_37' title='bbox 609 1658 720 1714; x_wconf 91' lang='lat' dir='ltr'><strong>tenere</strong></span> <span class='ocrx_word' id='word_1_38' title='bbox 745 1653 887 1718; x_wconf 88' lang='lat' dir='ltr'><strong>diversas</strong></span> <span class='ocrx_word' id='word_1_39' title='bbox 910 1676 1053 1720; x_wconf 89' lang='lat' dir='ltr'><strong>summas</strong></span> <span class='ocrx_word' id='word_1_40' title='bbox 1082 1658 1122 1721; x_wconf 92' lang='lat' dir='ltr'><strong>ad</strong></span> <span class='ocrx_word' id='word_1_41' title='bbox 1152 1660 1310 1722; x_wconf 86' lang='lat' dir='ltr'><strong>auxilium</strong></span> <span class='ocrx_word' id='word_1_42' title='bbox 1341 1660 1524 1741; x_wconf 86' lang='lat' dir='ltr'><strong>predictum</strong></span> <span class='ocrx_word' id='word_1_43' title='bbox 1548 1678 1604 1741; x_wconf 91' lang='lat' dir='ltr'><strong>pro</strong></span> <span class='ocrx_word' id='word_1_44' title='bbox 1635 1656 1759 1719; x_wconf 90' lang='lat' dir='ltr'><strong>eisdem</strong></span> <span class='ocrx_word' id='word_1_45' title='bbox 1783 1654 1937 1717; x_wconf 82' lang='lat' dir='ltr'><strong>maneriis</strong></span> 
     </span>
     <span class='ocr_line' id='line_1_6' title="bbox 431 1728 1936 1829; baseline 0.007 -38"><span class='ocrx_word' id='word_1_46' title='bbox 431 1728 608 1797; x_wconf 83' lang='lat' dir='ltr'><strong>solvendas</strong></span> <span class='ocrx_word' id='word_1_47' title='bbox 623 1738 757 1823; x_wconf 79' lang='lat' dir='ltr'><strong>exigitis</strong></span> <span class='ocrx_word' id='word_1_48' title='bbox 771 1747 806 1804; x_wconf 91' lang='lat' dir='ltr'><strong>et</strong></span> <span class='ocrx_word' id='word_1_49' title='bbox 820 1742 926 1824; x_wconf 92' lang='lat' dir='ltr'><strong>ipsum</strong></span> <span class='ocrx_word' id='word_1_50' title='bbox 942 1746 977 1806; x_wconf 90' lang='lat' dir='ltr'><strong>in</strong></span> <span class='ocrx_word' id='word_1_51' title='bbox 992 1747 1145 1808; x_wconf 84' lang='lat' dir='ltr'><strong>maneriis</strong></span> <span class='ocrx_word' id='word_1_52' title='bbox 1160 1747 1227 1808; x_wconf 93' lang='lat' dir='ltr'><strong>illis</strong></span> <span class='ocrx_word' id='word_1_53' title='bbox 1242 1748 1406 1809; x_wconf 90' lang='lat' dir='ltr'><strong>occasione</strong></span> <span class='ocrx_word' id='word_1_54' title='bbox 1422 1745 1567 1829; x_wconf 88' lang='lat' dir='ltr'><strong>predicta</strong></span> <span class='ocrx_word' id='word_1_55' title='bbox 1581 1746 1723 1829; x_wconf 83' lang='lat' dir='ltr'><strong>graviter</strong></span> <span class='ocrx_word' id='word_1_56' title='bbox 1737 1741 1936 1823; x_wconf 87' lang='lat' dir='ltr'><strong>distringitis</strong></span> 
     </span>
     <span class='ocr_line' id='line_1_7' title="bbox 431 1818 1937 1917; baseline 0.007 -38"><span class='ocrx_word' id='word_1_57' title='bbox 431 1818 671 1903; x_wconf 86' lang='lat' dir='ltr'><strong>multipliciter</strong></span> <span class='ocrx_word' id='word_1_58' title='bbox 681 1830 717 1888; x_wconf 90' lang='lat' dir='ltr'><strong>et</strong></span> <span class='ocrx_word' id='word_1_59' title='bbox 726 1830 882 1907; x_wconf 87' lang='lat' dir='ltr'><strong>quietatis</strong></span> <span class='ocrx_word' id='word_1_60' title='bbox 891 1833 959 1908; x_wconf 79' lang='lat' dir='ltr'><strong>(sic)</strong></span> <span class='ocrx_word' id='word_1_61' title='bbox 969 1834 1076 1895; x_wconf 91' lang='lat' dir='ltr'><strong>minus</strong></span> <span class='ocrx_word' id='word_1_62' title='bbox 1090 1834 1188 1916; x_wconf 86' lang='lat' dir='ltr'><strong>juste,</strong></span> <span class='ocrx_word' id='word_1_63' title='bbox 1199 1854 1292 1916; x_wconf 91' lang='lat' dir='ltr'><strong>super</strong></span> <span class='ocrx_word' id='word_1_64' title='bbox 1302 1854 1364 1917; x_wconf 91' lang='lat' dir='ltr'><strong>que</strong></span> <span class='ocrx_word' id='word_1_65' title='bbox 1375 1834 1470 1895; x_wconf 88' lang='lat' dir='ltr'><strong>nobis</strong></span> <span class='ocrx_word' id='word_1_66' title='bbox 1478 1832 1674 1915; x_wconf 74' lang='lat' dir='ltr'><strong>supplicavit</strong></span> <span class='ocrx_word' id='word_1_67' title='bbox 1686 1831 1748 1894; x_wconf 90' lang='lat' dir='ltr'><strong>sibi</strong></span> <span class='ocrx_word' id='word_1_68' title='bbox 1759 1850 1816 1913; x_wconf 84' lang='lat' dir='ltr'><strong>per</strong></span> <span class='ocrx_word' id='word_1_69' title='bbox 1828 1848 1885 1891; x_wconf 93' lang='lat' dir='ltr'><strong>nos</strong></span> <span class='ocrx_word' id='word_1_70' title='bbox 1896 1827 1937 1890; x_wconf 91' lang='lat' dir='ltr'><strong>de</strong></span> 
     </span>
     <span class='ocr_line' id='line_1_8' title="bbox 431 1909 1938 2000; baseline 0.008 -35"><span class='ocrx_word' id='word_1_71' title='bbox 431 1909 583 1971; x_wconf 89' lang='lat' dir='ltr'><strong>remedio</strong></span> <span class='ocrx_word' id='word_1_72' title='bbox 597 1914 770 1993; x_wconf 89' lang='lat' dir='ltr'><strong>provideri.</strong></span> <span class='ocrx_word' id='word_1_73' title='bbox 815 1915 865 1978; x_wconf 85' lang='lat' dir='ltr'><strong>Er</strong></span> <span class='ocrx_word' id='word_1_74' title='bbox 880 1937 944 2000; x_wconf 91' lang='lat' dir='ltr'><strong>qua</strong></span> <span class='ocrx_word' id='word_1_75' title='bbox 958 1938 1017 2000; x_wconf 86' lang='lat' dir='ltr'><strong>per</strong></span> <span class='ocrx_word' id='word_1_76' title='bbox 1030 1920 1300 1983; x_wconf 86' lang='lat' dir='ltr'><strong>certificacionem</strong></span> <span class='ocrx_word' id='word_1_77' title='bbox 1316 1919 1518 1983; x_wconf 82' lang='lat' dir='ltr'><strong>Thesaurarii</strong></span> <span class='ocrx_word' id='word_1_78' title='bbox 1533 1926 1565 1982; x_wconf 91' lang='lat' dir='ltr'><strong>et</strong></span> <span class='ocrx_word' id='word_1_79' title='bbox 1577 1918 1740 1981; x_wconf 84' lang='lat' dir='ltr'><strong>Beronum</strong></span> <span class='ocrx_word' id='word_1_80' title='bbox 1755 1922 1938 1980; x_wconf 89' lang='lat' dir='ltr'><strong>nostrorum</strong></span> 
     </span>
     <span class='ocr_line' id='line_1_9' title="bbox 431 1992 1940 2071; baseline 0.008 -18"><span class='ocrx_word' id='word_1_81' title='bbox 431 1992 475 2054; x_wconf 93' lang='lat' dir='ltr'><strong>de</strong></span> <span class='ocrx_word' id='word_1_82' title='bbox 506 2000 669 2063; x_wconf 87' lang='lat' dir='ltr'><strong>scaccario</strong></span> <span class='ocrx_word' id='word_1_83' title='bbox 695 2001 790 2065; x_wconf 93' lang='lat' dir='ltr'><strong>nobis</strong></span> <span class='ocrx_word' id='word_1_84' title='bbox 811 2005 847 2066; x_wconf 93' lang='lat' dir='ltr'><strong>in</strong></span> <span class='ocrx_word' id='word_1_85' title='bbox 868 2005 1093 2070; x_wconf 81' lang='lat' dir='ltr'><strong>cancellariam</strong></span> <span class='ocrx_word' id='word_1_86' title='bbox 1115 2013 1257 2071; x_wconf 88' lang='lat' dir='ltr'><strong>nostram</strong></span> <span class='ocrx_word' id='word_1_87' title='bbox 1280 2008 1321 2070; x_wconf 89' lang='lat' dir='ltr'><strong>ad</strong></span> <span class='ocrx_word' id='word_1_88' title='bbox 1345 2008 1536 2071; x_wconf 89' lang='lat' dir='ltr'><strong>mandatum</strong></span> <span class='ocrx_word' id='word_1_89' title='bbox 1566 2012 1712 2069; x_wconf 89' lang='lat' dir='ltr'><strong>nostrum</strong></span> <span class='ocrx_word' id='word_1_90' title='bbox 1735 2006 1866 2066; x_wconf 90' lang='lat' dir='ltr'><strong>missam</strong></span> <span class='ocrx_word' id='word_1_91' title='bbox 1889 2007 1940 2066; x_wconf 91' lang='lat' dir='ltr'><strong>est</strong></span> 
     </span>
     <span class='ocr_line' id='line_1_10' title="bbox 431 2090 1939 2175; baseline 0.004 -29"><span class='ocrx_word' id='word_1_92' title='bbox 431 2090 646 2164; x_wconf 82' lang='lat' dir='ltr'><strong>compertum</strong></span> <span class='ocrx_word' id='word_1_93' title='bbox 667 2090 751 2172; x_wconf 89' lang='lat' dir='ltr'><strong>quod</strong></span> <span class='ocrx_word' id='word_1_94' title='bbox 774 2092 917 2154; x_wconf 89' lang='lat' dir='ltr'><strong>maneria</strong></span> <span class='ocrx_word' id='word_1_95' title='bbox 938 2094 1085 2175; x_wconf 87' lang='lat' dir='ltr'><strong>predicta</strong></span> <span class='ocrx_word' id='word_1_96' title='bbox 1107 2095 1185 2159; x_wconf 86' lang='lat' dir='ltr'><strong>data</strong></span> <span class='ocrx_word' id='word_1_97' title='bbox 1205 2094 1336 2159; x_wconf 80' lang='lat' dir='ltr'><strong>fuerunt</strong></span> <span class='ocrx_word' id='word_1_98' title='bbox 1360 2102 1394 2158; x_wconf 91' lang='lat' dir='ltr'><strong>et</strong></span> <span class='ocrx_word' id='word_1_99' title='bbox 1416 2114 1564 2158; x_wconf 89' lang='lat' dir='ltr'><strong>concessa</strong></span> <span class='ocrx_word' id='word_1_100' title='bbox 1586 2094 1694 2156; x_wconf 86' lang='lat' dir='ltr'><strong>abbati</strong></span> <span class='ocrx_word' id='word_1_101' title='bbox 1713 2095 1748 2154; x_wconf 92' lang='lat' dir='ltr'><strong>et</strong></span> <span class='ocrx_word' id='word_1_102' title='bbox 1762 2090 1939 2153; x_wconf 86' lang='lat' dir='ltr'><strong>conventui</strong></span> 
     </span>
     <span class='ocr_line' id='line_1_11' title="bbox 432 2166 1939 2269; baseline 0.007 -40"><span class='ocrx_word' id='word_1_103' title='bbox 432 2166 498 2269; x_wconf 81' lang='lat' dir='ltr'><strong>loci</strong></span> <span class='ocrx_word' id='word_1_104' title='bbox 513 2170 608 2235; x_wconf 90' lang='lat' dir='ltr'><strong>illius</strong></span> <span class='ocrx_word' id='word_1_105' title='bbox 622 2175 657 2236; x_wconf 94' lang='lat' dir='ltr'><strong>in</strong></span> <span class='ocrx_word' id='word_1_106' title='bbox 671 2182 858 2259; x_wconf 86' lang='lat' dir='ltr'><strong>perpetuam</strong></span> <span class='ocrx_word' id='word_1_107' title='bbox 875 2179 1085 2245; x_wconf 88' lang='lat' dir='ltr'><strong>elemosinam</strong></span> <span class='ocrx_word' id='word_1_108' title='bbox 1099 2182 1201 2246; x_wconf 89' lang='lat' dir='ltr'><strong>libera</strong></span> <span class='ocrx_word' id='word_1_109' title='bbox 1215 2186 1250 2245; x_wconf 90' lang='lat' dir='ltr'><strong>et</strong></span> <span class='ocrx_word' id='word_1_110' title='bbox 1264 2183 1377 2266; x_wconf 86' lang='lat' dir='ltr'><strong>quieta</strong></span> <span class='ocrx_word' id='word_1_111' title='bbox 1392 2182 1432 2245; x_wconf 92' lang='lat' dir='ltr'><strong>de</strong></span> <span class='ocrx_word' id='word_1_112' title='bbox 1447 2181 1594 2245; x_wconf 91' lang='lat' dir='ltr'><strong>omnibus</strong></span> <span class='ocrx_word' id='word_1_113' title='bbox 1609 2180 1741 2244; x_wconf 85' lang='lat' dir='ltr'><strong>auxiliis</strong></span> <span class='ocrx_word' id='word_1_114' title='bbox 1755 2199 1881 2263; x_wconf 87' lang='lat' dir='ltr'><strong>regum,</strong></span> <span class='ocrx_word' id='word_1_115' title='bbox 1905 2180 1939 2240; x_wconf 90' lang='lat' dir='ltr'><strong>et</strong></span> 
     </span>
     <span class='ocr_line' id='line_1_12' title="bbox 433 2259 1939 2351; baseline 0.007 -35"><span class='ocrx_word' id='word_1_116' title='bbox 433 2274 471 2316; x_wconf 87' lang='lat' dir='ltr'><strong>rn</strong></span> <span class='ocrx_word' id='word_1_117' title='bbox 486 2259 608 2322; x_wconf 90' lang='lat' dir='ltr'><strong>rotulis</strong></span> <span class='ocrx_word' id='word_1_118' title='bbox 622 2266 770 2328; x_wconf 82' lang='lat' dir='ltr'><strong>scaccarii</strong></span> <span class='ocrx_word' id='word_1_119' title='bbox 785 2266 922 2349; x_wconf 78' lang='lat' dir='ltr'><strong>predicti</strong></span> <span class='ocrx_word' id='word_1_120' title='bbox 937 2288 1002 2330; x_wconf 90' lang='lat' dir='ltr'><strong>nou</strong></span> <span class='ocrx_word' id='word_1_121' title='bbox 1017 2270 1183 2332; x_wconf 89' lang='lat' dir='ltr'><strong>invenitur</strong></span> <span class='ocrx_word' id='word_1_122' title='bbox 1194 2271 1280 2351; x_wconf 93' lang='lat' dir='ltr'><strong>quod</strong></span> <span class='ocrx_word' id='word_1_123' title='bbox 1295 2269 1393 2332; x_wconf 86' lang='lat' dir='ltr'><strong>abbas</strong></span> <span class='ocrx_word' id='word_1_124' title='bbox 1405 2274 1439 2332; x_wconf 93' lang='lat' dir='ltr'><strong>et</strong></span> <span class='ocrx_word' id='word_1_125' title='bbox 1451 2276 1628 2332; x_wconf 88' lang='lat' dir='ltr'><strong>conventus</strong></span> <span class='ocrx_word' id='word_1_126' title='bbox 1644 2266 1789 2350; x_wconf 90' lang='lat' dir='ltr'><strong>ejusdem</strong></span> <span class='ocrx_word' id='word_1_127' title='bbox 1805 2265 1867 2327; x_wconf 89' lang='lat' dir='ltr'><strong>loci</strong></span> <span class='ocrx_word' id='word_1_128' title='bbox 1882 2285 1939 2327; x_wconf 85' lang='lat' dir='ltr'><strong>seu</strong></span> 
     </span>
     <span class='ocr_line' id='line_1_13' title="bbox 433 2343 1939 2439; baseline 0.005 -35"><span class='ocrx_word' id='word_1_129' title='bbox 433 2343 703 2423; x_wconf 87' lang='lat' dir='ltr'><strong>predecessorum</strong></span> <span class='ocrx_word' id='word_1_130' title='bbox 727 2354 779 2415; x_wconf 89' lang='lat' dir='ltr'><strong>sui</strong></span> <span class='ocrx_word' id='word_1_131' title='bbox 803 2356 930 2417; x_wconf 87' lang='lat' dir='ltr'><strong>racione</strong></span> <span class='ocrx_word' id='word_1_132' title='bbox 954 2357 1148 2419; x_wconf 85' lang='lat' dir='ltr'><strong>auxiliorum</strong></span> <span class='ocrx_word' id='word_1_133' title='bbox 1170 2356 1388 2439; x_wconf 88' lang='lat' dir='ltr'><strong>predictorum</strong></span> <span class='ocrx_word' id='word_1_134' title='bbox 1414 2356 1539 2439; x_wconf 89' lang='lat' dir='ltr'><strong>aliquid</strong></span> <span class='ocrx_word' id='word_1_135' title='bbox 1563 2355 1727 2419; x_wconf 84' lang='lat' dir='ltr'><strong>solverunt</strong></span> <span class='ocrx_word' id='word_1_136' title='bbox 1745 2373 1800 2415; x_wconf 88' lang='lat' dir='ltr'><strong>seu</strong></span> <span class='ocrx_word' id='word_1_137' title='bbox 1814 2352 1939 2415; x_wconf 87' lang='lat' dir='ltr'><strong>onerati</strong></span> 
     </span>
     <span class='ocr_line' id='line_1_14' title="bbox 433 2429 1940 2530; baseline 0.007 -41"><span class='ocrx_word' id='word_1_138' title='bbox 433 2429 688 2530; x_wconf 81' lang='lat' dir='ltr'><strong>fueruntversus</strong></span> <span class='ocrx_word' id='word_1_139' title='bbox 699 2441 919 2523; x_wconf 83' lang='lat' dir='ltr'><strong>progenitores</strong></span> <span class='ocrx_word' id='word_1_140' title='bbox 927 2450 1050 2506; x_wconf 91' lang='lat' dir='ltr'><strong>nostros</strong></span> <span class='ocrx_word' id='word_1_141' title='bbox 1060 2444 1100 2506; x_wconf 92' lang='lat' dir='ltr'><strong>de</strong></span> <span class='ocrx_word' id='word_1_142' title='bbox 1109 2443 1218 2527; x_wconf 91' lang='lat' dir='ltr'><strong>aliquo</strong></span> <span class='ocrx_word' id='word_1_143' title='bbox 1226 2444 1347 2505; x_wconf 81' lang='lat' dir='ltr'><strong>auxilio</strong></span> <span class='ocrx_word' id='word_1_144' title='bbox 1357 2444 1398 2506; x_wconf 91' lang='lat' dir='ltr'><strong>ad</strong></span> <span class='ocrx_word' id='word_1_145' title='bbox 1410 2444 1641 2527; x_wconf 87' lang='lat' dir='ltr'><strong>primogenitas</strong></span> <span class='ocrx_word' id='word_1_146' title='bbox 1651 2441 1733 2503; x_wconf 89' lang='lat' dir='ltr'><strong>filias</strong></span> <span class='ocrx_word' id='word_1_147' title='bbox 1742 2439 1940 2502; x_wconf 81' lang='lat' dir='ltr'><strong>maritandas</strong></span> 
     </span>
     <span class='ocr_line' id='line_1_15' title="bbox 435 2520 1940 2616; baseline 0.006 -39"><span class='ocrx_word' id='word_1_148' title='bbox 435 2536 508 2580; x_wconf 84' lang='lat' dir='ltr'><strong>sive</strong></span> <span class='ocrx_word' id='word_1_149' title='bbox 520 2520 606 2584; x_wconf 88' lang='lat' dir='ltr'><strong>tilios</strong></span> <span class='ocrx_word' id='word_1_150' title='bbox 615 2544 687 2587; x_wconf 92' lang='lat' dir='ltr'><strong>suos</strong></span> <span class='ocrx_word' id='word_1_151' title='bbox 698 2526 821 2590; x_wconf 83' lang='lat' dir='ltr'><strong>milites</strong></span> <span class='ocrx_word' id='word_1_152' title='bbox 831 2528 1004 2607; x_wconf 86' lang='lat' dir='ltr'><strong>iaciendos,</strong></span> <span class='ocrx_word' id='word_1_153' title='bbox 1012 2537 1216 2616; x_wconf 87' lang='lat' dir='ltr'><strong>preterquam</strong></span> <span class='ocrx_word' id='word_1_154' title='bbox 1232 2533 1272 2594; x_wconf 92' lang='lat' dir='ltr'><strong>de</strong></span> <span class='ocrx_word' id='word_1_155' title='bbox 1287 2532 1383 2593; x_wconf 89' lang='lat' dir='ltr'><strong>certis</strong></span> <span class='ocrx_word' id='word_1_156' title='bbox 1393 2532 1526 2593; x_wconf 92' lang='lat' dir='ltr'><strong>summis</strong></span> <span class='ocrx_word' id='word_1_157' title='bbox 1537 2530 1578 2593; x_wconf 92' lang='lat' dir='ltr'><strong>ab</strong></span> <span class='ocrx_word' id='word_1_158' title='bbox 1589 2530 1630 2592; x_wconf 92' lang='lat' dir='ltr'><strong>iis</strong></span> <span class='ocrx_word' id='word_1_159' title='bbox 1641 2549 1699 2613; x_wconf 92' lang='lat' dir='ltr'><strong>pro</strong></span> <span class='ocrx_word' id='word_1_160' title='bbox 1710 2527 1864 2590; x_wconf 89' lang='lat' dir='ltr'><strong>maneriis</strong></span> <span class='ocrx_word' id='word_1_161' title='bbox 1872 2526 1940 2588; x_wconf 91' lang='lat' dir='ltr'><strong>illis</strong></span> 
     </span>
     <span class='ocr_line' id='line_1_16' title="bbox 434 2607 1941 2699; baseline 0.005 -32"><span class='ocrx_word' id='word_1_162' title='bbox 434 2607 569 2670; x_wconf 88' lang='lat' dir='ltr'><strong>racione</strong></span> <span class='ocrx_word' id='word_1_163' title='bbox 590 2612 706 2675; x_wconf 85' lang='lat' dir='ltr'><strong>auxilii</strong></span> <span class='ocrx_word' id='word_1_164' title='bbox 728 2614 769 2676; x_wconf 92' lang='lat' dir='ltr'><strong>ad</strong></span> <span class='ocrx_word' id='word_1_165' title='bbox 790 2616 1044 2698; x_wconf 80' lang='lat' dir='ltr'><strong>primogenitum</strong></span> <span class='ocrx_word' id='word_1_166' title='bbox 1067 2618 1169 2682; x_wconf 88' lang='lat' dir='ltr'><strong>filiam</strong></span> <span class='ocrx_word' id='word_1_167' title='bbox 1191 2619 1317 2682; x_wconf 90' lang='lat' dir='ltr'><strong>domini</strong></span> <span class='ocrx_word' id='word_1_168' title='bbox 1341 2618 1492 2681; x_wconf 85' lang='lat' dir='ltr'><strong>Edwardi</strong></span> <span class='ocrx_word' id='word_1_169' title='bbox 1516 2638 1618 2699; x_wconf 87' lang='lat' dir='ltr'><strong>nuper</strong></span> <span class='ocrx_word' id='word_1_170' title='bbox 1641 2616 1728 2698; x_wconf 84' lang='lat' dir='ltr'><strong>regis</strong></span> <span class='ocrx_word' id='word_1_171' title='bbox 1742 2613 1871 2699; x_wconf 84' lang='lat' dir='ltr'><strong>Anglie‚</strong></span> <span class='ocrx_word' id='word_1_172' title='bbox 1887 2613 1941 2675; x_wconf 88' lang='lat' dir='ltr'><strong>avi</strong></span> 
     </span>
     <span class='ocr_line' id='line_1_17' title="bbox 436 2695 1943 2789; baseline 0.006 -36"><span class='ocrx_word' id='word_1_173' title='bbox 436 2695 556 2773; x_wconf 81' lang='lat' dir='ltr'><strong>nostri,</strong></span> <span class='ocrx_word' id='word_1_174' title='bbox 570 2700 796 2781; x_wconf 90' lang='lat' dir='ltr'><strong>maritandam,</strong></span> <span class='ocrx_word' id='word_1_175' title='bbox 811 2701 851 2765; x_wconf 95' lang='lat' dir='ltr'><strong>de</strong></span> <span class='ocrx_word' id='word_1_176' title='bbox 867 2703 1005 2787; x_wconf 84' lang='lat' dir='ltr'><strong>singulis</strong></span> <span class='ocrx_word' id='word_1_177' title='bbox 1019 2703 1122 2769; x_wconf 88' lang='lat' dir='ltr'><strong>feodis</strong></span> <span class='ocrx_word' id='word_1_178' title='bbox 1135 2706 1284 2771; x_wconf 89' lang='lat' dir='ltr'><strong>militum</strong></span> <span class='ocrx_word' id='word_1_179' title='bbox 1299 2706 1387 2769; x_wconf 89' lang='lat' dir='ltr'><strong>dicto</strong></span> <span class='ocrx_word' id='word_1_180' title='bbox 1402 2705 1472 2789; x_wconf 83' lang='lat' dir='ltr'><strong>regi</strong></span> <span class='ocrx_word' id='word_1_181' title='bbox 1486 2704 1613 2787; x_wconf 78' lang='lat' dir='ltr'><strong>Anglie‚</strong></span> <span class='ocrx_word' id='word_1_182' title='bbox 1628 2704 1733 2766; x_wconf 87' lang='lat' dir='ltr'><strong>eidem</strong></span> <span class='ocrx_word' id='word_1_183' title='bbox 1749 2722 1807 2764; x_wconf 92' lang='lat' dir='ltr'><strong>avo</strong></span> <span class='ocrx_word' id='word_1_184' title='bbox 1823 2706 1943 2777; x_wconf 88' lang='lat' dir='ltr'><strong>nostro,</strong></span> 
     </span>
     <span class='ocr_line' id='line_1_18' title="bbox 437 2785 1942 2876; baseline 0.005 -34"><span class='ocrx_word' id='word_1_185' title='bbox 437 2785 584 2846; x_wconf 87' lang='lat' dir='ltr'><strong>concessi</strong></span> <span class='ocrx_word' id='word_1_186' title='bbox 610 2789 742 2865; x_wconf 84' lang='lat' dir='ltr'><strong>exactis,</strong></span> <span class='ocrx_word' id='word_1_187' title='bbox 758 2789 798 2852; x_wconf 91' lang='lat' dir='ltr'><strong>de</strong></span> <span class='ocrx_word' id='word_1_188' title='bbox 821 2790 938 2872; x_wconf 91' lang='lat' dir='ltr'><strong>quibus</strong></span> <span class='ocrx_word' id='word_1_189' title='bbox 963 2794 1099 2856; x_wconf 89' lang='lat' dir='ltr'><strong>summis</strong></span> <span class='ocrx_word' id='word_1_190' title='bbox 1121 2793 1286 2876; x_wconf 88' lang='lat' dir='ltr'><strong>predictus</strong></span> <span class='ocrx_word' id='word_1_191' title='bbox 1313 2792 1409 2856; x_wconf 88' lang='lat' dir='ltr'><strong>abbas</strong></span> <span class='ocrx_word' id='word_1_192' title='bbox 1432 2791 1529 2875; x_wconf 88' lang='lat' dir='ltr'><strong>petiit</strong></span> <span class='ocrx_word' id='word_1_193' title='bbox 1553 2811 1586 2854; x_wconf 85' lang='lat' dir='ltr'><strong>se</strong></span> <span class='ocrx_word' id='word_1_194' title='bbox 1601 2796 1680 2855; x_wconf 88' lang='lat' dir='ltr'><strong>tunc</strong></span> <span class='ocrx_word' id='word_1_195' title='bbox 1696 2788 1869 2859; x_wconf 86' lang='lat' dir='ltr'><strong>exonerari,</strong></span> <span class='ocrx_word' id='word_1_196' title='bbox 1885 2808 1942 2869; x_wconf 86' lang='lat' dir='ltr'><strong>per</strong></span> 
     </span>
     <span class='ocr_line' id='line_1_19' title="bbox 437 2870 1941 2962; baseline 0.004 -32"><span class='ocrx_word' id='word_1_197' title='bbox 437 2870 532 2950; x_wconf 90' lang='lat' dir='ltr'><strong>quod</strong></span> <span class='ocrx_word' id='word_1_198' title='bbox 558 2872 628 2953; x_wconf 90' lang='lat' dir='ltr'><strong>ipse</strong></span> <span class='ocrx_word' id='word_1_199' title='bbox 654 2895 711 2956; x_wconf 89' lang='lat' dir='ltr'><strong>per</strong></span> <span class='ocrx_word' id='word_1_200' title='bbox 733 2877 1023 2942; x_wconf 85' lang='lat' dir='ltr'><strong>consideracionem</strong></span> <span class='ocrx_word' id='word_1_201' title='bbox 1046 2881 1081 2942; x_wconf 93' lang='lat' dir='ltr'><strong>in</strong></span> <span class='ocrx_word' id='word_1_202' title='bbox 1108 2880 1221 2944; x_wconf 88' lang='lat' dir='ltr'><strong>eodem</strong></span> <span class='ocrx_word' id='word_1_203' title='bbox 1245 2882 1402 2943; x_wconf 84' lang='lat' dir='ltr'><strong>scaccario</strong></span> <span class='ocrx_word' id='word_1_204' title='bbox 1428 2900 1523 2962; x_wconf 86' lang='lat' dir='ltr'><strong>super</strong></span> <span class='ocrx_word' id='word_1_205' title='bbox 1547 2898 1696 2961; x_wconf 90' lang='lat' dir='ltr'><strong>processu</strong></span> <span class='ocrx_word' id='word_1_206' title='bbox 1717 2876 1794 2957; x_wconf 85' lang='lat' dir='ltr'><strong>inde</strong></span> <span class='ocrx_word' id='word_1_207' title='bbox 1819 2875 1941 2938; x_wconf 88' lang='lat' dir='ltr'><strong>ibidem</strong></span> 
     </span>
     <span class='ocr_line' id='line_1_20' title="bbox 438 2952 1991 3047; baseline 0.004 -30"><span class='ocrx_word' id='word_1_208' title='bbox 438 2952 556 3020; x_wconf 85' lang='lat' dir='ltr'><strong>babito</strong></span> <span class='ocrx_word' id='word_1_209' title='bbox 584 2960 706 3024; x_wconf 86' lang='lat' dir='ltr'><strong>iactam</strong></span> <span class='ocrx_word' id='word_1_210' title='bbox 735 2966 865 3046; x_wconf 87' lang='lat' dir='ltr'><strong>quietus</strong></span> <span class='ocrx_word' id='word_1_211' title='bbox 893 2965 959 3028; x_wconf 84' lang='lat' dir='ltr'><strong>fuit</strong></span> <span class='ocrx_word' id='word_1_212' title='bbox 986 2970 1022 3030; x_wconf 90' lang='lat' dir='ltr'><strong>et</strong></span> <span class='ocrx_word' id='word_1_213' title='bbox 1050 2972 1250 3032; x_wconf 85' lang='lat' dir='ltr'><strong>exoneratus.</strong></span> <span class='ocrx_word' id='word_1_214' title='bbox 1296 2966 1363 3030; x_wconf 90' lang='lat' dir='ltr'><strong>Nos</strong></span> <span class='ocrx_word' id='word_1_215' title='bbox 1392 2967 1434 3029; x_wconf 89' lang='lat' dir='ltr'><strong>ad</strong></span> <span class='ocrx_word' id='word_1_216' title='bbox 1463 2967 1618 3047; x_wconf 89' lang='lat' dir='ltr'><strong>premissa</strong></span> <span class='ocrx_word' id='word_1_217' title='bbox 1650 2962 1941 3028; x_wconf 88' lang='lat' dir='ltr'><strong>consideracionem</strong></span> <span class='ocrx_word' id='word_1_218' title='bbox 1981 3030 1991 3044; x_wconf 41' lang='grc' dir='ltr'><strong><em>Ι</em></strong></span> 
     </span>
     <span class='ocr_line' id='line_1_21' title="bbox 439 3040 1943 3139; baseline 0.003 -35"><span class='ocrx_word' id='word_1_219' title='bbox 439 3040 599 3109; x_wconf 90' lang='lat' dir='ltr'><strong>babentes</strong></span> <span class='ocrx_word' id='word_1_220' title='bbox 611 3068 650 3111; x_wconf 84' lang='lat' dir='ltr'><strong>ac</strong></span> <span class='ocrx_word' id='word_1_221' title='bbox 663 3049 810 3114; x_wconf 91' lang='lat' dir='ltr'><strong>nolentes</strong></span> <span class='ocrx_word' id='word_1_222' title='bbox 824 3052 951 3116; x_wconf 92' lang='lat' dir='ltr'><strong>dictum</strong></span> <span class='ocrx_word' id='word_1_223' title='bbox 965 3054 1117 3117; x_wconf 85' lang='lat' dir='ltr'><strong>abbatem</strong></span> <span class='ocrx_word' id='word_1_224' title='bbox 1131 3056 1167 3117; x_wconf 91' lang='lat' dir='ltr'><strong>in</strong></span> <span class='ocrx_word' id='word_1_225' title='bbox 1181 3053 1242 3118; x_wconf 90' lang='lat' dir='ltr'><strong>hac</strong></span> <span class='ocrx_word' id='word_1_226' title='bbox 1257 3060 1347 3139; x_wconf 89' lang='lat' dir='ltr'><strong>parte</strong></span> <span class='ocrx_word' id='word_1_227' title='bbox 1359 3053 1506 3117; x_wconf 90' lang='lat' dir='ltr'><strong>indebite</strong></span> <span class='ocrx_word' id='word_1_228' title='bbox 1519 3052 1639 3116; x_wconf 88' lang='lat' dir='ltr'><strong>onerari</strong></span> <span class='ocrx_word' id='word_1_229' title='bbox 1650 3052 1739 3115; x_wconf 90' lang='lat' dir='ltr'><strong>vobis</strong></span> <span class='ocrx_word' id='word_1_230' title='bbox 1751 3049 1943 3111; x_wconf 88' lang='lat' dir='ltr'><strong>mandamus</strong></span> 
     </span>
     <span class='ocr_line' id='line_1_22' title="bbox 439 3132 1943 3226; baseline 0.002 -33"><span class='ocrx_word' id='word_1_231' title='bbox 439 3132 529 3213; x_wconf 91' lang='lat' dir='ltr'><strong>quod</strong></span> <span class='ocrx_word' id='word_1_232' title='bbox 543 3133 703 3199; x_wconf 90' lang='lat' dir='ltr'><strong>demande</strong></span> <span class='ocrx_word' id='word_1_233' title='bbox 717 3158 816 3221; x_wconf 90' lang='lat' dir='ltr'><strong>quam</strong></span> <span class='ocrx_word' id='word_1_234' title='bbox 831 3140 977 3222; x_wconf 88' lang='lat' dir='ltr'><strong>predicto</strong></span> <span class='ocrx_word' id='word_1_235' title='bbox 991 3140 1103 3204; x_wconf 87' lang='lat' dir='ltr'><strong>abbati</strong></span> <span class='ocrx_word' id='word_1_236' title='bbox 1118 3162 1175 3223; x_wconf 92' lang='lat' dir='ltr'><strong>pro</strong></span> <span class='ocrx_word' id='word_1_237' title='bbox 1190 3142 1354 3226; x_wconf 73' lang='lat' dir='ltr'><strong>aliquibus</strong></span> <span class='ocrx_word' id='word_1_238' title='bbox 1368 3142 1505 3204; x_wconf 88' lang='lat' dir='ltr'><strong>summis</strong></span> <span class='ocrx_word' id='word_1_239' title='bbox 1519 3139 1559 3203; x_wconf 89' lang='lat' dir='ltr'><strong>ad</strong></span> <span class='ocrx_word' id='word_1_240' title='bbox 1581 3139 1738 3201; x_wconf 85' lang='lat' dir='ltr'><strong>auxilium</strong></span> <span class='ocrx_word' id='word_1_241' title='bbox 1762 3138 1943 3220; x_wconf 91' lang='lat' dir='ltr'><strong>predictum</strong></span> 
     </span>
     <span class='ocr_line' id='line_1_23' title="bbox 440 3220 1944 3310; baseline 0.003 -30"><span class='ocrx_word' id='word_1_242' title='bbox 440 3220 605 3299; x_wconf 85' lang='lat' dir='ltr'><strong>predicto</strong></span> <span class='ocrx_word' id='word_1_243' title='bbox 620 3228 765 3288; x_wconf 87' lang='lat' dir='ltr'><strong>manerio</strong></span> <span class='ocrx_word' id='word_1_244' title='bbox 779 3225 821 3289; x_wconf 91' lang='lat' dir='ltr'><strong>de</strong></span> <span class='ocrx_word' id='word_1_245' title='bbox 836 3228 1083 3294; x_wconf 72' lang='lat' dir='ltr'><strong>Lnunnausasr</strong></span> <span class='ocrx_word' id='word_1_246' title='bbox 1098 3229 1257 3292; x_wconf 92' lang='lat' dir='ltr'><strong>solvendis</strong></span> <span class='ocrx_word' id='word_1_247' title='bbox 1273 3229 1394 3305; x_wconf 85' lang='lat' dir='ltr'><strong>facitis,</strong></span> <span class='ocrx_word' id='word_1_248' title='bbox 1410 3227 1643 3310; x_wconf 89' lang='lat' dir='ltr'><strong>supersedeatis</strong></span> <span class='ocrx_word' id='word_1_249' title='bbox 1658 3234 1694 3289; x_wconf 89' lang='lat' dir='ltr'><strong>et</strong></span> <span class='ocrx_word' id='word_1_250' title='bbox 1709 3227 1796 3308; x_wconf 91' lang='lat' dir='ltr'><strong>ipsos</strong></span> <span class='ocrx_word' id='word_1_251' title='bbox 1818 3224 1944 3305; x_wconf 90' lang='lat' dir='ltr'><strong>quietos</strong></span> 
     </span>
     <span class='ocr_line' id='line_1_24' title="bbox 440 3312 1945 3399; baseline 0.003 -31"><span class='ocrx_word' id='word_1_252' title='bbox 440 3325 510 3368; x_wconf 89' lang='lat' dir='ltr'><strong>esse</strong></span> <span class='ocrx_word' id='word_1_253' title='bbox 525 3312 721 3390; x_wconf 87' lang='lat' dir='ltr'><strong>permittitis</strong></span> <span class='ocrx_word' id='word_1_254' title='bbox 736 3313 830 3398; x_wconf 84' lang='lat' dir='ltr'><strong>juxta</strong></span> <span class='ocrx_word' id='word_1_255' title='bbox 844 3316 1140 3380; x_wconf 90' lang='lat' dir='ltr'><strong>consideracionem</strong></span> <span class='ocrx_word' id='word_1_256' title='bbox 1154 3316 1348 3399; x_wconf 83' lang='lat' dir='ltr'><strong>predictam,</strong></span> <span class='ocrx_word' id='word_1_257' title='bbox 1363 3317 1488 3398; x_wconf 88' lang='lat' dir='ltr'><strong>proviso</strong></span> <span class='ocrx_word' id='word_1_258' title='bbox 1502 3316 1588 3397; x_wconf 93' lang='lat' dir='ltr'><strong>quod</strong></span> <span class='ocrx_word' id='word_1_259' title='bbox 1604 3315 1630 3377; x_wconf 93' lang='lat' dir='ltr'><strong>si</strong></span> <span class='ocrx_word' id='word_1_260' title='bbox 1645 3314 1783 3396; x_wconf 85' lang='lat' dir='ltr'><strong>predicti</strong></span> <span class='ocrx_word' id='word_1_261' title='bbox 1797 3312 1895 3374; x_wconf 85' lang='lat' dir='ltr'><strong>abbas</strong></span> <span class='ocrx_word' id='word_1_262' title='bbox 1910 3314 1945 3373; x_wconf 88' lang='lat' dir='ltr'><strong>et</strong></span> 
     </span>
     <span class='ocr_line' id='line_1_25' title="bbox 442 3398 1945 3482; baseline 0.002 -27"><span class='ocrx_word' id='word_1_263' title='bbox 442 3401 622 3459; x_wconf 89' lang='lat' dir='ltr'><strong>conventus</strong></span> <span class='ocrx_word' id='word_1_264' title='bbox 644 3398 756 3482; x_wconf 87' lang='lat' dir='ltr'><strong>aliqua</strong></span> <span class='ocrx_word' id='word_1_265' title='bbox 776 3401 841 3464; x_wconf 87' lang='lat' dir='ltr'><strong>alia</strong></span> <span class='ocrx_word' id='word_1_266' title='bbox 862 3406 967 3466; x_wconf 89' lang='lat' dir='ltr'><strong>terras</strong></span> <span class='ocrx_word' id='word_1_267' title='bbox 989 3424 1047 3467; x_wconf 92' lang='lat' dir='ltr'><strong>seu</strong></span> <span class='ocrx_word' id='word_1_268' title='bbox 1070 3408 1259 3467; x_wconf 73' lang='lat' dir='ltr'><strong>tenemento</strong></span> <span class='ocrx_word' id='word_1_269' title='bbox 1274 3403 1397 3467; x_wconf 91' lang='lat' dir='ltr'><strong>ibidem</strong></span> <span class='ocrx_word' id='word_1_270' title='bbox 1413 3424 1466 3465; x_wconf 90' lang='lat' dir='ltr'><strong>seu</strong></span> <span class='ocrx_word' id='word_1_271' title='bbox 1483 3402 1559 3464; x_wconf 87' lang='lat' dir='ltr'><strong>alibi</strong></span> <span class='ocrx_word' id='word_1_272' title='bbox 1576 3402 1610 3463; x_wconf 89' lang='lat' dir='ltr'><strong>in</strong></span> <span class='ocrx_word' id='word_1_273' title='bbox 1625 3401 1785 3463; x_wconf 89' lang='lat' dir='ltr'><strong>comitatu</strong></span> <span class='ocrx_word' id='word_1_274' title='bbox 1800 3398 1945 3481; x_wconf 89' lang='lat' dir='ltr'><strong>predicto</strong></span> 
     </span>
     <span class='ocr_line' id='line_1_26' title="bbox 442 3486 1946 3576; baseline 0.003 -33"><span class='ocrx_word' id='word_1_275' title='bbox 442 3500 502 3564; x_wconf 93' lang='lat' dir='ltr'><strong>per</strong></span> <span class='ocrx_word' id='word_1_276' title='bbox 530 3486 704 3549; x_wconf 82' lang='lat' dir='ltr'><strong>servicium</strong></span> <span class='ocrx_word' id='word_1_277' title='bbox 733 3488 876 3554; x_wconf 87' lang='lat' dir='ltr'><strong>militare</strong></span> <span class='ocrx_word' id='word_1_278' title='bbox 905 3491 1008 3556; x_wconf 88' lang='lat' dir='ltr'><strong>tentis</strong></span> <span class='ocrx_word' id='word_1_279' title='bbox 1041 3493 1123 3572; x_wconf 85' lang='lat' dir='ltr'><strong>(sic),</strong></span> <span class='ocrx_word' id='word_1_280' title='bbox 1158 3511 1259 3576; x_wconf 88' lang='lat' dir='ltr'><strong>qnam</strong></span> <span class='ocrx_word' id='word_1_281' title='bbox 1295 3512 1352 3575; x_wconf 93' lang='lat' dir='ltr'><strong>pro</strong></span> <span class='ocrx_word' id='word_1_282' title='bbox 1388 3490 1632 3576; x_wconf 89' lang='lat' dir='ltr'><strong>quibuscunque</strong></span> <span class='ocrx_word' id='word_1_283' title='bbox 1670 3488 1744 3551; x_wconf 90' lang='lat' dir='ltr'><strong>aliis</strong></span> <span class='ocrx_word' id='word_1_284' title='bbox 1780 3486 1875 3550; x_wconf 89' lang='lat' dir='ltr'><strong>terris</strong></span> <span class='ocrx_word' id='word_1_285' title='bbox 1910 3489 1946 3548; x_wconf 89' lang='lat' dir='ltr'><strong>et</strong></span> 
     </span>
     <span class='ocr_line' id='line_1_27' title="bbox 442 3573 1945 3663; baseline 0.002 -32"><span class='ocrx_word' id='word_1_286' title='bbox 442 3574 637 3637; x_wconf 88' lang='lat' dir='ltr'><strong>tenementis</strong></span> <span class='ocrx_word' id='word_1_287' title='bbox 659 3595 723 3657; x_wconf 90' lang='lat' dir='ltr'><strong>que</strong></span> <span class='ocrx_word' id='word_1_288' title='bbox 744 3576 812 3660; x_wconf 83' lang='lat' dir='ltr'><strong>jam</strong></span> <span class='ocrx_word' id='word_1_289' title='bbox 834 3597 875 3640; x_wconf 89' lang='lat' dir='ltr'><strong>ex</strong></span> <span class='ocrx_word' id='word_1_290' title='bbox 895 3580 1072 3663; x_wconf 90' lang='lat' dir='ltr'><strong>perquisito</strong></span> <span class='ocrx_word' id='word_1_291' title='bbox 1094 3600 1151 3642; x_wconf 92' lang='lat' dir='ltr'><strong>suo</strong></span> <span class='ocrx_word' id='word_1_292' title='bbox 1174 3600 1272 3662; x_wconf 90' lang='lat' dir='ltr'><strong>quam</strong></span> <span class='ocrx_word' id='word_1_293' title='bbox 1294 3579 1359 3642; x_wconf 91' lang='lat' dir='ltr'><strong>alio</strong></span> <span class='ocrx_word' id='word_1_294' title='bbox 1381 3579 1477 3642; x_wconf 93' lang='lat' dir='ltr'><strong>modo</strong></span> <span class='ocrx_word' id='word_1_295' title='bbox 1497 3598 1555 3661; x_wconf 92' lang='lat' dir='ltr'><strong>per</strong></span> <span class='ocrx_word' id='word_1_296' title='bbox 1571 3575 1759 3660; x_wconf 85' lang='lat' dir='ltr'><strong>hujusmodi</strong></span> <span class='ocrx_word' id='word_1_297' title='bbox 1774 3573 1945 3636; x_wconf 89' lang='lat' dir='ltr'><strong>servicium</strong></span> 
     </span>
     <span class='ocr_line' id='line_1_28' title="bbox 442 3657 1947 3746; baseline 0.001 -26"><span class='ocrx_word' id='word_1_298' title='bbox 442 3657 584 3723; x_wconf 85' lang='lat' dir='ltr'><strong>militare</strong></span> <span class='ocrx_word' id='word_1_299' title='bbox 607 3665 738 3740; x_wconf 90' lang='lat' dir='ltr'><strong>tenent,</strong></span> <span class='ocrx_word' id='word_1_300' title='bbox 764 3663 889 3727; x_wconf 89' lang='lat' dir='ltr'><strong>dictum</strong></span> <span class='ocrx_word' id='word_1_301' title='bbox 915 3668 1075 3729; x_wconf 83' lang='lat' dir='ltr'><strong>auxilium</strong></span> <span class='ocrx_word' id='word_1_302' title='bbox 1105 3667 1197 3730; x_wconf 89' lang='lat' dir='ltr'><strong>nobis</strong></span> <span class='ocrx_word' id='word_1_303' title='bbox 1221 3667 1349 3730; x_wconf 85' lang='lat' dir='ltr'><strong>solvant</strong></span> <span class='ocrx_word' id='word_1_304' title='bbox 1372 3673 1404 3730; x_wconf 91' lang='lat' dir='ltr'><strong>et</strong></span> <span class='ocrx_word' id='word_1_305' title='bbox 1430 3666 1471 3728; x_wconf 91' lang='lat' dir='ltr'><strong>ad</strong></span> <span class='ocrx_word' id='word_1_306' title='bbox 1498 3667 1557 3728; x_wconf 88' lang='lat' dir='ltr'><strong>hoc</strong></span> <span class='ocrx_word' id='word_1_307' title='bbox 1582 3663 1819 3746; x_wconf 87' lang='lat' dir='ltr'><strong>compellantur</strong></span> <span class='ocrx_word' id='word_1_308' title='bbox 1842 3667 1881 3723; x_wconf 88' lang='lat' dir='ltr'><strong>ut</strong></span> <span class='ocrx_word' id='word_1_309' title='bbox 1896 3672 1947 3722; x_wconf 87' lang='lat' dir='ltr'><strong>est</strong></span> 
     </span>
     <span class='ocr_line' id='line_1_29' title="bbox 441 3745 1945 3836; baseline 0.001 -29"><span class='ocrx_word' id='word_1_310' title='bbox 441 3745 578 3828; x_wconf 87' lang='lat' dir='ltr'><strong>justum.</strong></span> <span class='ocrx_word' id='word_1_311' title='bbox 625 3748 726 3811; x_wconf 81' lang='lat' dir='ltr'><strong>Teste</strong></span> <span class='ocrx_word' id='word_1_312' title='bbox 750 3749 911 3830; x_wconf 88' lang='lat' dir='ltr'><strong>Leonello‚</strong></span> <span class='ocrx_word' id='word_1_313' title='bbox 933 3752 1001 3816; x_wconf 89' lang='lat' dir='ltr'><strong>filio</strong></span> <span class='ocrx_word' id='word_1_314' title='bbox 1023 3757 1133 3817; x_wconf 88' lang='lat' dir='ltr'><strong>nostro</strong></span> <span class='ocrx_word' id='word_1_315' title='bbox 1153 3755 1329 3832; x_wconf 91' lang='lat' dir='ltr'><strong>carissimo,</strong></span> <span class='ocrx_word' id='word_1_316' title='bbox 1355 3754 1488 3816; x_wconf 88' lang='lat' dir='ltr'><strong>custode</strong></span> <span class='ocrx_word' id='word_1_317' title='bbox 1520 3751 1648 3836; x_wconf 82' lang='lat' dir='ltr'><strong>Anglie,</strong></span> <span class='ocrx_word' id='word_1_318' title='bbox 1679 3749 1765 3831; x_wconf 91' lang='lat' dir='ltr'><strong>apud</strong></span> <span class='ocrx_word' id='word_1_319' title='bbox 1798 3747 1945 3831; x_wconf 82' lang='lat' dir='ltr'><strong>Bedyng,</strong></span> 
     </span>
     <span class='ocr_line' id='line_1_30' title="bbox 441 3833 1947 3981; baseline -0.001 -84"><span class='ocrx_word' id='word_1_320' title='bbox 441 3833 505 3981; x_wconf 46' lang='grc' dir='ltr'><strong>ἰῇ.</strong></span> <span class='ocrx_word' id='word_1_321' title='bbox 536 3835 591 3898; x_wconf 91' lang='lat' dir='ltr'><strong>die</strong></span> <span class='ocrx_word' id='word_1_322' title='bbox 622 3835 795 3901; x_wconf 89' lang='lat' dir='ltr'><strong>Februarii</strong></span> <span class='ocrx_word' id='word_1_323' title='bbox 817 3859 901 3903; x_wconf 86' lang='lat' dir='ltr'><strong>anno</strong></span> <span class='ocrx_word' id='word_1_324' title='bbox 926 3842 1019 3926; x_wconf 88' lang='lat' dir='ltr'><strong>regni</strong></span> <span class='ocrx_word' id='word_1_325' title='bbox 1043 3843 1144 3906; x_wconf 90' lang='lat' dir='ltr'><strong>nostri</strong></span> <span class='ocrx_word' id='word_1_326' title='bbox 1168 3841 1286 3927; x_wconf 86' lang='lat' dir='ltr'><strong>Anglie</strong></span> <span class='ocrx_word' id='word_1_327' title='bbox 1311 3842 1463 3905; x_wconf 86' lang='lat' dir='ltr'><strong>vicesimo</strong></span> <span class='ocrx_word' id='word_1_328' title='bbox 1492 3840 1596 3923; x_wconf 90' lang='lat' dir='ltr'><strong>primo</strong></span> <span class='ocrx_word' id='word_1_329' title='bbox 1621 3838 1714 3922; x_wconf 84' lang='lat' dir='ltr'><strong>regni</strong></span> <span class='ocrx_word' id='word_1_330' title='bbox 1742 3855 1815 3899; x_wconf 92' lang='lat' dir='ltr'><strong>vero</strong></span> <span class='ocrx_word' id='word_1_331' title='bbox 1844 3836 1947 3898; x_wconf 88' lang='lat' dir='ltr'><strong>nostri</strong></span> 
     </span>
     <span class='ocr_line' id='line_1_31' title="bbox 472 3924 727 3990; baseline 0.016 -5"><span class='ocrx_word' id='word_1_332' title='bbox 472 3924 581 3986; x_wconf 89' lang='lat' dir='ltr'><strong>rancie</strong></span> <span class='ocrx_word' id='word_1_333' title='bbox 596 3927 727 3990; x_wconf 86' lang='lat' dir='ltr'><strong>octavo.</strong></span> 
     </span>
    </p>
   </div>
   <div class='ocr_carea' id='block_1_3' title="bbox 444 4633 1962 5686">
    <p class='ocr_par' dir='ltr' id='par_1_3' title="bbox 444 4633 1962 5686">
     <span class='ocr_line' id='line_1_32' title="bbox 487 4633 1956 4723; baseline 0.001 -25"><span class='ocrx_word' id='word_1_334' title='bbox 487 4635 670 4700; x_wconf 84' lang='lat' dir='ltr'><strong>Edwardns</strong></span> <span class='ocrx_word' id='word_1_335' title='bbox 680 4633 849 4721; x_wconf 86' lang='lat' dir='ltr'><strong>deigratia</strong></span> <span class='ocrx_word' id='word_1_336' title='bbox 861 4644 927 4718; x_wconf 81' lang='lat' dir='ltr'><strong>(etc.</strong></span> <span class='ocrx_word' id='word_1_337' title='bbox 939 4641 1103 4719; x_wconf 75' lang='lat' dir='ltr'><strong>ccciccc).</strong></span> <span class='ocrx_word' id='word_1_338' title='bbox 1144 4639 1241 4704; x_wconf 88' lang='lat' dir='ltr'><strong>Vobis</strong></span> <span class='ocrx_word' id='word_1_339' title='bbox 1250 4640 1442 4702; x_wconf 88' lang='lat' dir='ltr'><strong>mandamus</strong></span> <span class='ocrx_word' id='word_1_340' title='bbox 1460 4637 1545 4723; x_wconf 92' lang='lat' dir='ltr'><strong>quod</strong></span> <span class='ocrx_word' id='word_1_341' title='bbox 1560 4637 1719 4702; x_wconf 90' lang='lat' dir='ltr'><strong>demande</strong></span> <span class='ocrx_word' id='word_1_342' title='bbox 1733 4656 1830 4721; x_wconf 88' lang='lat' dir='ltr'><strong>quarn</strong></span> <span class='ocrx_word' id='word_1_343' title='bbox 1848 4637 1956 4700; x_wconf 79' lang='lat' dir='ltr'><strong>facitis</strong></span> 
     </span>
     <span class='ocr_line' id='line_1_33' title="bbox 446 4723 1955 4808; baseline 0 -22"><span class='ocrx_word' id='word_1_344' title='bbox 446 4723 567 4788; x_wconf 85' lang='lat' dir='ltr'><strong>dilecto</strong></span> <span class='ocrx_word' id='word_1_345' title='bbox 594 4723 694 4785; x_wconf 91' lang='lat' dir='ltr'><strong>nobis</strong></span> <span class='ocrx_word' id='word_1_346' title='bbox 719 4724 754 4785; x_wconf 93' lang='lat' dir='ltr'><strong>in</strong></span> <span class='ocrx_word' id='word_1_347' title='bbox 777 4724 904 4790; x_wconf 85' lang='lat' dir='ltr'><strong>Christo</strong></span> <span class='ocrx_word' id='word_1_348' title='bbox 927 4728 1037 4791; x_wconf 86' lang='lat' dir='ltr'><strong>abbati</strong></span> <span class='ocrx_word' id='word_1_349' title='bbox 1059 4728 1099 4790; x_wconf 93' lang='lat' dir='ltr'><strong>de</strong></span> <span class='ocrx_word' id='word_1_350' title='bbox 1119 4726 1224 4791; x_wconf 86' lang='lat' dir='ltr'><strong>Ponte</strong></span> <span class='ocrx_word' id='word_1_351' title='bbox 1239 4727 1374 4790; x_wconf 88' lang='lat' dir='ltr'><strong>Roberti</strong></span> <span class='ocrx_word' id='word_1_352' title='bbox 1389 4727 1424 4789; x_wconf 91' lang='lat' dir='ltr'><strong>in</strong></span> <span class='ocrx_word' id='word_1_353' title='bbox 1440 4727 1534 4789; x_wconf 86' lang='lat' dir='ltr'><strong>terris</strong></span> <span class='ocrx_word' id='word_1_354' title='bbox 1550 4731 1583 4789; x_wconf 88' lang='lat' dir='ltr'><strong>et</strong></span> <span class='ocrx_word' id='word_1_355' title='bbox 1600 4727 1795 4788; x_wconf 87' lang='lat' dir='ltr'><strong>tenementis</strong></span> <span class='ocrx_word' id='word_1_356' title='bbox 1811 4726 1955 4808; x_wconf 90' lang='lat' dir='ltr'><strong>suisque</strong></span> 
     </span>
     <span class='ocr_line' id='line_1_34' title="bbox 444 4810 1954 4897; baseline 0.001 -25"><span class='ocrx_word' id='word_1_357' title='bbox 444 4810 512 4894; x_wconf 88' lang='lat' dir='ltr'><strong>ipse</strong></span> <span class='ocrx_word' id='word_1_358' title='bbox 527 4816 628 4876; x_wconf 87' lang='lat' dir='ltr'><strong>tenet</strong></span> <span class='ocrx_word' id='word_1_359' title='bbox 643 4811 681 4872; x_wconf 91' lang='lat' dir='ltr'><strong>in</strong></span> <span class='ocrx_word' id='word_1_360' title='bbox 697 4812 856 4876; x_wconf 88' lang='lat' dir='ltr'><strong>comitatu</strong></span> <span class='ocrx_word' id='word_1_361' title='bbox 871 4815 1017 4896; x_wconf 89' lang='lat' dir='ltr'><strong>predicto</strong></span> <span class='ocrx_word' id='word_1_362' title='bbox 1032 4815 1067 4876; x_wconf 93' lang='lat' dir='ltr'><strong>in</strong></span> <span class='ocrx_word' id='word_1_363' title='bbox 1083 4835 1199 4897; x_wconf 87' lang='lat' dir='ltr'><strong>puram</strong></span> <span class='ocrx_word' id='word_1_364' title='bbox 1215 4818 1250 4876; x_wconf 92' lang='lat' dir='ltr'><strong>et</strong></span> <span class='ocrx_word' id='word_1_365' title='bbox 1266 4816 1455 4897; x_wconf 87' lang='lat' dir='ltr'><strong>perpetuam</strong></span> <span class='ocrx_word' id='word_1_366' title='bbox 1472 4813 1681 4875; x_wconf 88' lang='lat' dir='ltr'><strong>elemosinam</strong></span> <span class='ocrx_word' id='word_1_367' title='bbox 1697 4833 1752 4896; x_wconf 91' lang='lat' dir='ltr'><strong>per</strong></span> <span class='ocrx_word' id='word_1_368' title='bbox 1766 4818 1870 4875; x_wconf 88' lang='lat' dir='ltr'><strong>cartas</strong></span> <span class='ocrx_word' id='word_1_369' title='bbox 1885 4831 1954 4895; x_wconf 92' lang='lat' dir='ltr'><strong>pro·</strong></span> 
     </span>
     <span class='ocr_line' id='line_1_35' title="bbox 446 4901 1956 4986; baseline 0.001 -26"><span class='ocrx_word' id='word_1_370' title='bbox 446 4901 637 4980; x_wconf 86' lang='lat' dir='ltr'><strong>genitorum</strong></span> <span class='ocrx_word' id='word_1_371' title='bbox 666 4912 849 4963; x_wconf 90' lang='lat' dir='ltr'><strong>nostrorum</strong></span> <span class='ocrx_word' id='word_1_372' title='bbox 876 4902 1039 4984; x_wconf 91' lang='lat' dir='ltr'><strong>quondam</strong></span> <span class='ocrx_word' id='word_1_373' title='bbox 1064 4922 1179 4986; x_wconf 82' lang='lat' dir='ltr'><strong>regum</strong></span> <span class='ocrx_word' id='word_1_374' title='bbox 1208 4901 1327 4984; x_wconf 77' lang='lat' dir='ltr'><strong>Anglie</strong></span> <span class='ocrx_word' id='word_1_375' title='bbox 1353 4907 1387 4963; x_wconf 92' lang='lat' dir='ltr'><strong>et</strong></span> <span class='ocrx_word' id='word_1_376' title='bbox 1417 4901 1700 4964; x_wconf 85' lang='lat' dir='ltr'><strong>confirmacionem</strong></span> <span class='ocrx_word' id='word_1_377' title='bbox 1729 4905 1872 4962; x_wconf 85' lang='lat' dir='ltr'><strong>nostram</strong></span> <span class='ocrx_word' id='word_1_378' title='bbox 1899 4920 1956 4983; x_wconf 95' lang='lat' dir='ltr'><strong>pro</strong></span> 
     </span>
     <span class='ocr_line' id='line_1_36' title="bbox 449 4985 1957 5072; baseline 0.001 -26"><span class='ocrx_word' id='word_1_379' title='bbox 449 4987 568 5050; x_wconf 85' lang='lat' dir='ltr'><strong>auxilio</strong></span> <span class='ocrx_word' id='word_1_380' title='bbox 599 4985 750 5070; x_wconf 89' lang='lat' dir='ltr'><strong>predicto</strong></span> <span class='ocrx_word' id='word_1_381' title='bbox 778 4990 1012 5070; x_wconf 89' lang='lat' dir='ltr'><strong>supersedeatis</strong></span> <span class='ocrx_word' id='word_1_382' title='bbox 1046 4995 1155 5072; x_wconf 90' lang='lat' dir='ltr'><strong>(usque</strong></span> <span class='ocrx_word' id='word_1_383' title='bbox 1186 5009 1281 5072; x_wconf 91' lang='lat' dir='ltr'><strong>super</strong></span> <span class='ocrx_word' id='word_1_384' title='bbox 1311 4998 1497 5070; x_wconf 92' lang='lat' dir='ltr'><strong>compotum</strong></span> <span class='ocrx_word' id='word_1_385' title='bbox 1530 4993 1672 5050; x_wconf 89' lang='lat' dir='ltr'><strong>vestrum</strong></span> <span class='ocrx_word' id='word_1_386' title='bbox 1702 4988 1885 5070; x_wconf 87' lang='lat' dir='ltr'><strong>proximum</strong></span> <span class='ocrx_word' id='word_1_387' title='bbox 1915 4987 1957 5048; x_wconf 90' lang='lat' dir='ltr'><strong>ad</strong></span> 
     </span>
     <span class='ocr_line' id='line_1_37' title="bbox 451 5073 1958 5158; baseline 0 -24"><span class='ocrx_word' id='word_1_388' title='bbox 451 5075 648 5136; x_wconf 89' lang='lat' dir='ltr'><strong>scaccarium</strong></span> <span class='ocrx_word' id='word_1_389' title='bbox 679 5078 852 5152; x_wconf 86' lang='lat' dir='ltr'><strong>nostrum).</strong></span> <span class='ocrx_word' id='word_1_390' title='bbox 897 5075 942 5138; x_wconf 87' lang='lat' dir='ltr'><strong>Et</strong></span> <span class='ocrx_word' id='word_1_391' title='bbox 971 5076 1212 5139; x_wconf 88' lang='lat' dir='ltr'><strong>districciouem</strong></span> <span class='ocrx_word' id='word_1_392' title='bbox 1242 5077 1271 5138; x_wconf 90' lang='lat' dir='ltr'><strong>si</strong></span> <span class='ocrx_word' id='word_1_393' title='bbox 1300 5095 1399 5158; x_wconf 90' lang='lat' dir='ltr'><strong>quam</strong></span> <span class='ocrx_word' id='word_1_394' title='bbox 1424 5079 1454 5137; x_wconf 91' lang='lat' dir='ltr'><strong>ei</strong></span> <span class='ocrx_word' id='word_1_395' title='bbox 1486 5095 1525 5137; x_wconf 89' lang='lat' dir='ltr'><strong>ea</strong></span> <span class='ocrx_word' id='word_1_396' title='bbox 1555 5075 1717 5137; x_wconf 90' lang='lat' dir='ltr'><strong>occasione</strong></span> <span class='ocrx_word' id='word_1_397' title='bbox 1746 5075 1888 5137; x_wconf 87' lang='lat' dir='ltr'><strong>feceritis</strong></span> <span class='ocrx_word' id='word_1_398' title='bbox 1916 5073 1958 5134; x_wconf 91' lang='lat' dir='ltr'><strong>ad</strong></span> 
     </span>
     <span class='ocr_line' id='line_1_38' title="bbox 451 5159 1960 5246; baseline 0.001 -26"><span class='ocrx_word' id='word_1_399' title='bbox 451 5159 583 5224; x_wconf 89' lang='lat' dir='ltr'><strong>interim</strong></span> <span class='ocrx_word' id='word_1_400' title='bbox 611 5159 778 5237; x_wconf 61' lang='lat' dir='ltr'><strong>relaxetis</strong></span> <span class='ocrx_word' id='word_1_401' title='bbox 806 5163 932 5246; x_wconf 91' lang='lat' dir='ltr'><strong>proviso</strong></span> <span class='ocrx_word' id='word_1_402' title='bbox 955 5163 1042 5246; x_wconf 92' lang='lat' dir='ltr'><strong>quod</strong></span> <span class='ocrx_word' id='word_1_403' title='bbox 1068 5165 1095 5226; x_wconf 90' lang='lat' dir='ltr'><strong>si</strong></span> <span class='ocrx_word' id='word_1_404' title='bbox 1119 5163 1207 5226; x_wconf 90' lang='lat' dir='ltr'><strong>idem</strong></span> <span class='ocrx_word' id='word_1_405' title='bbox 1232 5163 1330 5225; x_wconf 86' lang='lat' dir='ltr'><strong>abbas</strong></span> <span class='ocrx_word' id='word_1_406' title='bbox 1357 5163 1467 5244; x_wconf 88' lang='lat' dir='ltr'><strong>aliqua</strong></span> <span class='ocrx_word' id='word_1_407' title='bbox 1494 5169 1591 5224; x_wconf 89' lang='lat' dir='ltr'><strong>terras</strong></span> <span class='ocrx_word' id='word_1_408' title='bbox 1617 5183 1674 5224; x_wconf 88' lang='lat' dir='ltr'><strong>seu</strong></span> <span class='ocrx_word' id='word_1_409' title='bbox 1698 5166 1881 5223; x_wconf 90' lang='lat' dir='ltr'><strong>tenementa</strong></span> <span class='ocrx_word' id='word_1_410' title='bbox 1902 5181 1960 5243; x_wconf 91' lang='lat' dir='ltr'><strong>per</strong></span> 
     </span>
     <span class='ocr_line' id='line_1_39' title="bbox 450 5248 1960 5334; baseline 0 -25"><span class='ocrx_word' id='word_1_411' title='bbox 450 5250 626 5312; x_wconf 88' lang='lat' dir='ltr'><strong>servicium</strong></span> <span class='ocrx_word' id='word_1_412' title='bbox 644 5248 790 5311; x_wconf 89' lang='lat' dir='ltr'><strong>militare</strong></span> <span class='ocrx_word' id='word_1_413' title='bbox 806 5250 854 5312; x_wconf 88' lang='lat' dir='ltr'><strong>vel</strong></span> <span class='ocrx_word' id='word_1_414' title='bbox 870 5258 994 5334; x_wconf 88' lang='lat' dir='ltr'><strong>partem</strong></span> <span class='ocrx_word' id='word_1_415' title='bbox 1010 5250 1098 5314; x_wconf 85' lang='lat' dir='ltr'><strong>icodi</strong></span> <span class='ocrx_word' id='word_1_416' title='bbox 1113 5251 1266 5314; x_wconf 89' lang='lat' dir='ltr'><strong>militaris</strong></span> <span class='ocrx_word' id='word_1_417' title='bbox 1281 5256 1394 5313; x_wconf 87' lang='lat' dir='ltr'><strong>teneat</strong></span> <span class='ocrx_word' id='word_1_418' title='bbox 1408 5249 1595 5334; x_wconf 85' lang='lat' dir='ltr'><strong>hujusmodi</strong></span> <span class='ocrx_word' id='word_1_419' title='bbox 1619 5248 1777 5312; x_wconf 80' lang='lat' dir='ltr'><strong>auxilium</strong></span> <span class='ocrx_word' id='word_1_420' title='bbox 1801 5249 1840 5310; x_wconf 88' lang='lat' dir='ltr'><strong>de</strong></span> <span class='ocrx_word' id='word_1_421' title='bbox 1863 5249 1960 5311; x_wconf 89' lang='lat' dir='ltr'><strong>terris</strong></span> 
     </span>
     <span class='ocr_line' id='line_1_40' title="bbox 448 5335 1960 5420; baseline -0.001 -22"><span class='ocrx_word' id='word_1_422' title='bbox 448 5341 482 5398; x_wconf 90' lang='lat' dir='ltr'><strong>et</strong></span> <span class='ocrx_word' id='word_1_423' title='bbox 509 5337 717 5400; x_wconf 87' lang='lat' dir='ltr'><strong>tenementis</strong></span> <span class='ocrx_word' id='word_1_424' title='bbox 746 5335 813 5398; x_wconf 91' lang='lat' dir='ltr'><strong>illis</strong></span> <span class='ocrx_word' id='word_1_425' title='bbox 842 5339 883 5400; x_wconf 94' lang='lat' dir='ltr'><strong>ad</strong></span> <span class='ocrx_word' id='word_1_426' title='bbox 920 5359 1000 5420; x_wconf 87' lang='lat' dir='ltr'><strong>spus</strong></span> <span class='ocrx_word' id='word_1_427' title='bbox 1036 5343 1184 5401; x_wconf 83' lang='lat' dir='ltr'><strong>nostrum</strong></span> <span class='ocrx_word' id='word_1_428' title='bbox 1220 5340 1356 5402; x_wconf 88' lang='lat' dir='ltr'><strong>levetur.</strong></span> <span class='ocrx_word' id='word_1_429' title='bbox 1402 5336 1499 5398; x_wconf 87' lang='lat' dir='ltr'><strong>Teste</strong></span> <span class='ocrx_word' id='word_1_430' title='bbox 1539 5337 1581 5400; x_wconf 87' lang='lat' dir='ltr'><strong>G.</strong></span> <span class='ocrx_word' id='word_1_431' title='bbox 1612 5337 1652 5399; x_wconf 92' lang='lat' dir='ltr'><strong>dc</strong></span> <span class='ocrx_word' id='word_1_432' title='bbox 1691 5336 1835 5418; x_wconf 87' lang='lat' dir='ltr'><strong>Wylford</strong></span> <span class='ocrx_word' id='word_1_433' title='bbox 1874 5335 1960 5418; x_wconf 87' lang='lat' dir='ltr'><strong>apud</strong></span> 
     </span>
     <span class='ocr_line' id='line_1_41' title="bbox 448 5421 1962 5510; baseline 0.001 -28"><span class='ocrx_word' id='word_1_434' title='bbox 448 5421 790 5502; x_wconf 79' lang='lat' dir='ltr'><strong>westmonasterium,</strong></span> <span class='ocrx_word' id='word_1_435' title='bbox 805 5426 862 5510; x_wconf 82' lang='lat' dir='ltr'><strong>xij.</strong></span> <span class='ocrx_word' id='word_1_436' title='bbox 878 5425 931 5487; x_wconf 89' lang='lat' dir='ltr'><strong>dic</strong></span> <span class='ocrx_word' id='word_1_437' title='bbox 947 5427 1067 5508; x_wconf 83' lang='lat' dir='ltr'><strong>Aprilis</strong></span> <span class='ocrx_word' id='word_1_438' title='bbox 1082 5444 1166 5488; x_wconf 87' lang='lat' dir='ltr'><strong>anno</strong></span> <span class='ocrx_word' id='word_1_439' title='bbox 1180 5427 1273 5509; x_wconf 83' lang='lat' dir='ltr'><strong>regni</strong></span> <span class='ocrx_word' id='word_1_440' title='bbox 1290 5424 1392 5485; x_wconf 90' lang='lat' dir='ltr'><strong>nostri</strong></span> <span class='ocrx_word' id='word_1_441' title='bbox 1408 5423 1524 5507; x_wconf 85' lang='lat' dir='ltr'><strong>Anglie</strong></span> <span class='ocrx_word' id='word_1_442' title='bbox 1541 5425 1700 5486; x_wconf 83' lang='lat' dir='ltr'><strong>vicesimo</strong></span> <span class='ocrx_word' id='word_1_443' title='bbox 1722 5431 1848 5505; x_wconf 89' lang='lat' dir='ltr'><strong>quarto,</strong></span> <span class='ocrx_word' id='word_1_444' title='bbox 1870 5423 1962 5505; x_wconf 89' lang='lat' dir='ltr'><strong>regni</strong></span> 
     </span>
     <span class='ocr_line' id='line_1_42' title="bbox 448 5509 1957 5596; baseline -0.001 -24"><span class='ocrx_word' id='word_1_445' title='bbox 448 5531 521 5574; x_wconf 87' lang='lat' dir='ltr'><strong>vero</strong></span> <span class='ocrx_word' id='word_1_446' title='bbox 546 5512 655 5576; x_wconf 90' lang='lat' dir='ltr'><strong>nostri</strong></span> <span class='ocrx_word' id='word_1_447' title='bbox 683 5509 820 5574; x_wconf 86' lang='lat' dir='ltr'><strong>Francie</strong></span> <span class='ocrx_word' id='word_1_448' title='bbox 844 5514 1024 5578; x_wconf 89' lang='lat' dir='ltr'><strong>undecimo.</strong></span> <span class='ocrx_word' id='word_1_449' title='bbox 1070 5513 1133 5575; x_wconf 90' lang='lat' dir='ltr'><strong>Per</strong></span> <span class='ocrx_word' id='word_1_450' title='bbox 1157 5513 1249 5575; x_wconf 85' lang='lat' dir='ltr'><strong>breve</strong></span> <span class='ocrx_word' id='word_1_451' title='bbox 1274 5513 1313 5574; x_wconf 91' lang='lat' dir='ltr'><strong>de</strong></span> <span class='ocrx_word' id='word_1_452' title='bbox 1341 5531 1460 5596; x_wconf 86' lang='lat' dir='ltr'><strong>magno</strong></span> <span class='ocrx_word' id='word_1_453' title='bbox 1485 5512 1593 5594; x_wconf 87' lang='lat' dir='ltr'><strong>sigillo</strong></span> <span class='ocrx_word' id='word_1_454' title='bbox 1617 5512 1701 5572; x_wconf 90' lang='lat' dir='ltr'><strong>inter</strong></span> <span class='ocrx_word' id='word_1_455' title='bbox 1717 5511 1901 5571; x_wconf 88' lang='lat' dir='ltr'><strong>communia</strong></span> <span class='ocrx_word' id='word_1_456' title='bbox 1917 5509 1957 5570; x_wconf 91' lang='lat' dir='ltr'><strong>de</strong></span> 
     </span>
     <span class='ocr_line' id='line_1_43' title="bbox 448 5597 1041 5686; baseline 0.008 -23"><span class='ocrx_word' id='word_1_457' title='bbox 448 5619 530 5664; x_wconf 84' lang='lat' dir='ltr'><strong>anno</strong></span> <span class='ocrx_word' id='word_1_458' title='bbox 544 5599 651 5686; x_wconf 79' lang='lat' dir='ltr'><strong>xxiij⁰</strong></span> <span class='ocrx_word' id='word_1_459' title='bbox 670 5597 787 5661; x_wconf 84' lang='lat' dir='ltr'><strong>Pasoh.</strong></span> <span class='ocrx_word' id='word_1_460' title='bbox 830 5599 1041 5668; x_wconf 84' lang='lat' dir='ltr'><strong>Obarwelton.</strong></span> 
     </span>
    </p>
   </div>
   <div class='ocr_carea' id='block_1_4' title="bbox 1009 5887 1401 5903">
    <p class='ocr_par' dir='ltr' id='par_1_4' title="bbox 1009 5887 1401 5903">
     <span class='ocr_line' id='line_1_44' title="bbox 1009 5887 1401 5903; baseline -0.015 0"><span class='ocrx_word' id='word_1_461' title='bbox 1009 5887 1401 5903; x_wconf 47' lang='lat' dir='ltr'><strong>w—--n——a—d-</strong></span> 
     </span>
    </p>
   </div>
   <div class='ocr_carea' id='block_1_5' title="bbox 0 0 2537 7044">
    <p class='ocr_par' dir='ltr' id='par_1_5' title="bbox 0 0 2537 7044">
     <span class='ocr_line' id='line_1_45' title="bbox 0 0 2537 7044; baseline 0 0"><span class='ocrx_word' id='word_1_462' title='bbox 0 0 2537 7044; x_wconf 95' lang='lat' dir='ltr'><strong> </strong></span> 
     </span>
    </p>
   </div>
  </div>
 </body>
</html>
