5000 7050
558 1068 623 1134 800
1212 1064 1419 1133 LINOOLN.

602 1353 650 1416 De
674 1352 784 1435 aliquo
806 1352 950 1415 subsidio
976 1352 1053 1439 iiij0‘
1073 1355 1218 1437 parcium
1246 1352 1580 1433 un.f.inB1.rror,
1612 1374 1691 1437 quas
1720 1352 1884 1417 Johannea
1914 1351 2061 1433 Stooeth‚

557 1438 580 1503 J
581 1437 722 1503 ohannes
736 1438 970 1524 Tryhampton,
984 1448 1019 1504 et
1034 1440 1174 1505 Thomas
1190 1440 1228 1504 de
1245 1441 1367 1526 Arseby
1381 1442 1542 1524 quondam
1567 1447 1755 1506 tenuerunt.
1798 1438 1911 1504 Niohil
1936 1441 2001 1520 hic,
2025 1462 2063 1504 eo

559 1527 644 1609 quod
659 1526 818 1591 dividitur
833 1528 918 1591 inber
932 1527 1091 1593 Thomam
1107 1527 1253 1609 Stoceth,
1268 1530 1403 1593 heredes
1418 1528 1576 1595 Johannis
1591 1528 1816 1613 Tribampton‚
1838 1528 1997 1592 Thomam
2021 1529 2063 1592 de

559 1614 690 1695 Asseby,
706 1620 739 1677 et
754 1612 889 1678 heredes
904 1615 1062 1681 Willelmi
1078 1615 1235 1694 Johnson,
1251 1618 1308 1700 qui
1323 1616 1395 1681 illas
1409 1622 1525 1681 tenent
1539 1617 1724 1701 separatim,
1751 1622 1786 1681 et
1800 1616 1891 1680 nulla
1906 1637 1980 1700 pare
1994 1622 2058 1681 eto.

561 1700 682 1781 Niohil,
697 1702 774 1786 quia
788 1707 900 1767 oontra
914 1710 976 1769 eto.

971 1841 1134 1906 feodorum
1144 1840 1234 1929 r—ij.
1251 1843 1275 1907 f.
1292 1847 1360 1907 tres
1375 1846 1482 1926 partes
1496 1846 1532 1906 et
1546 1840 1600 1929 iij·
1618 1862 1691 1925 pars
1705 1862 1763 1909 un.
1775 1840 1801 1908 f.

809 1883 944 1949 summa
971 1930 1178 1994 denariorum
1189 1952 1329 1997 r-xx.o.
1344 1927 1418 1997 ad.
1434 1932 1483 1996 ob.
1500 1938 1551 2015 φ.

975 2295 1089 2360 From
1110 2294 1292 2363 COMITIS
1315 2295 1375 2361 DE
1400 2295 1653 2363 FERRARIIS.

606 2458 655 2523 De
681 2460 871 2525 tenentibus
896 2465 1051 2525 terrarum
1076 2464 1239 2547 quondam
1266 2463 1402 2527 Roberti
1426 2462 1602 2549 Sprotlyng
1624 2484 1682 2547 pro
1709 2471 1764 2528 xx·
1796 2467 1889 2547 paria
1916 2483 1971 2525 un.
1988 2461 2012 2527 f.
2029 2463 2062 2524 in

564 2548 782 2613 Taenariam..
828 2548 950 2627 Niobil,
965 2550 1043 2633 quia
1056 2556 1167 2615 contra
1182 2557 1246 2617 eto.

609 2686 657 2749 De
681 2687 790 2770 aliquo
813 2686 955 2750 subsidio
980 2686 1025 2753 di.
1042 2687 1065 2751 f.
1084 2708 1126 2750 m.
1151 2689 1186 2751 in
1214 2688 1382 2766 Fraroan,
1404 2690 1490 2771 quod
1517 2686 1683 2751 Jobannes
1707 2687 1748 2750 de
1770 2685 1889 2750 Daores
1903 2686 2066 2769 quondam

565 2774 683 2838 lenuit.
729 2774 917 2854 Niohilhio,
933 2775 1072 2859 eoquod
1088 2774 1247 2839 dividitur
1263 2777 1348 2840 inter
1373 2774 1558 2839 Johannem
1581 2776 1729 2860 Henage.
1751 2772 1886 2838 heredes
1910 2773 2068 2837 Johannis

565 2860 828 3033 ‹gersTeireemylbffi
859 2868 894 2925 et
924 2862 1109 2941 habebam,
1132 2883 1194 2946 que
1218 2864 1284 2927 fuit
1306 2883 1386 2926 uxor
1410 2863 1492 2927 dioti
1522 2863 1679 2927 Johannis
1704 2861 1896 2946 Themylby‚
1918 2870 1952 2926 et
1976 2860 2067 2924 nulla

609 3082 658 3149 De
689 3084 807 3149 abbate
837 3085 876 3149 de
907 3087 1078 3170 Hauenby,
1112 3088 1262 3151 Hamone
1289 3086 1420 3167 Sation,
1450 3088 1575 3151 Thoma
1606 3086 1679 3150 Fitz
1702 3086 1869 3170 Willyam‚
1895 3088 2000 3169 priore
2026 3085 2067 3148 de

567 3172 724 3255 Markoby
739 3180 773 3236 et
787 3173 861 3235 aliis
876 3194 933 3257 pro
949 3173 998 3257 iij.
1015 3180 1120 3258 quart.
1137 3194 1192 3237 un.
1209 3176 1231 3239 f.
1247 3177 1282 3237 in
1309 3175 1559 3253 Mrromrwem,
1583 3196 1662 3259 quas
1688 3174 1848 3238 Robertus
1874 3176 1915 3237 de
1939 3172 2068 3258 Colryle

567 3260 683 3324 etalii
712 3260 876 3342 quondam
906 3266 1095 3327 tenuerunt.
1141 3261 1171 3323 N
1176 3262 1254 3325 ichil
1279 3263 1408 3342 hio‚.eo
1434 3263 1519 3346 quod
1543 3264 1632 3326 diota
1661 3261 1710 3346 iij.
1738 3270 1844 3347 quart.
1875 3262 2069 3325 dividuntur

568 3347 745 3431 separatim
759 3350 846 3411 inter
861 3348 988 3411 eosdem
1005 3347 1167 3427 abbatem,
1185 3350 1380 3430 Hamonem,
1403 3350 1563 3413 Thomam
1585 3350 1659 3412 Fitz
1675 3350 1833 3429 william,
1860 3351 2003 3433 priorem
2027 3347 2068 3409 de

567 3434 723 3518 Markeby
738 3440 771 3497 et
786 3435 877 3514 alim,
893 3441 927 3499 et
942 3436 1033 3499 nulla
1050 3456 1122 3519 pars
1139 3442 1202 3502 eto.

611 3572 658 3635 De
673 3572 805 3636 domiuo
819 3573 860 3636 de
877 3573 977 3636 Welle
993 3594 1049 3656 pro
1065 3573 1100 3658 ij.
1118 3575 1265 3658 partibus
1280 3595 1336 3640 un.
1352 3575 1375 3640 f.
1388 3597 1430 3638 m.
1444 3575 1480 3638 in
1496 3575 1800 3659 Conmoasnorma,
1810 3593 1890 3658 quae
1906 3571 2070 3639 Johannea

568 3659 654 3724 filius
669 3664 704 3723 et
719 3661 810 3724 heres
826 3661 894 3725 'Ade
910 3662 950 3724 de
968 3662 1070 3726 Welle
1085 3662 1248 3746 quondam
1264 3663 1371 3726 tenuit
1468 3703 1479 3714 -
1569 3702 1580 3712 -
1670 3702 1681 3712 -
1772 3701 1783 3712 -
2006 3660 2014 3672 '

613 3799 662 3861 De
693 3798 834 3862 Roberto
864 3799 987 3862 Elande
1015 3820 1072 3882 pro
1102 3801 1178 3886 uui·
1207 3805 1301 3883 parte
1330 3819 1387 3866 un.
1414 3801 1436 3863 f.
1464 3800 1499 3862 in
1530 3799 1744 3876 Hermodori,
1775 3798 1938 3883 quondam
1967 3797 2072 3860 Mario

569 3887 792 3971 de‘Legbome
867 3922 1891 3939 -----------
1978 3883 2071 3950 med.

614 4023 663 4086 De
678 4023 865 4086 tenentibus
880 4028 1039 4086 terrarum
1054 4025 1218 4107 quondam
1233 4024 1362 4087 comitis
1377 4023 1418 4086 de
1432 4025 1542 4107 Angoe
1565 4026 1601 4084 et
1621 4020 1748 4084 abbatis
1769 4020 1809 4083 de
1824 4018 2000 4098 waltham,
2014 4020 2071 4102 qui

571 4113 745 4195 separatim
761 4115 875 4174 tenent
890 4110 951 4196 iiij.
968 4117 1093 4194 partem
1108 4133 1162 4174 un.
1181 4114 1202 4174 f.
1218 4114 1253 4175 in
1270 4112 1543 4187 Hammonem
1557 4129 1656 4192 quam
1670 4107 1772 4172 iidem
1794 4107 1891 4171 abbas
1911 4113 1946 4170 et
1966 4126 2073 4170 eomer

571 4198 733 4281 quondam
750 4203 935 4262 tenuerunt.
981 4197 1102 4270 Niohil,
1119 4200 1196 4284 quia
1211 4206 1324 4262 eontra
1338 4205 1400 4262 eto.

615 4334 664 4397 De
678 4333 795 4398 abbate
811 4333 851 4397 de
867 4334 1011 4419 Revesby
1027 4357 1082 4419 pro
1098 4336 1158 4422 xij·
1177 4341 1268 4419 parte
1294 4335 1377 4398 dioti
1403 4334 1426 4396 f.
1451 4353 1550 4417 quam
1573 4331 1812 4415 predecessores
1835 4331 1885 4394 sui
1911 4330 2073 4413 quondam

572 4427 761 4487 tenuerunt.
806 4421 927 4502 Nichil,
944 4429 1007 4489 eto.

615 4559 663 4622 De
689 4559 877 4622 tenentibus
899 4565 1057 4623 terrarum
1083 4560 1247 4646 quondam
1262 4557 1424 4622 Amabilie
1448 4555 1616 4621 Charnells
1639 4575 1697 4639 pro
1723 4552 1805 4640 xiiij.
1823 4556 1913 4636 pario
1928 4572 1983 4616 un.
1999 4552 2023 4616 f.
2039 4551 2076 4614 in

576 4648 784 4714 smxmonp.
830 4646 951 4728 Nichil,
968 4653 1030 4713 eto.

574 4783 684 4934 N'Dffi
700 4787 889 4851 tenentibus
919 4791 1076 4852 terrarum
1105 4787 1249 4872 ejusdem
1279 4785 1440 4849 Amabilla
1474 4803 1530 4867 pro
1560 4781 1640 4845 ccxl.
1670 4785 1765 4863 parte
1797 4799 1853 4843 un.
1884 4777 1908 4842 f.
1939 4778 2073 4841 ibidem.

607 4893 637 4934 ro
660 4877 773 4952 1,eto.

575 5010 868 5162 Ν,1)1ξιἸῐειιὶιιιιιίὶιιιε
883 5017 1044 5077 terrarum
1059 5013 1221 5098 quondam
1237 5011 1367 5075 Roberti
1387 5009 1552 5092 Malthorp
1567 5027 1624 5091 pro
1640 5014 1694 5072 xx·
1714 5008 1808 5088 parte
1829 5023 1885 5067 un.
1901 5001 1925 5068 f.
1941 5002 2077 5068 ibidem.

608 5120 638 5161 ro
663 5120 674 5162 1
691 5121 733 5179 ,e
749 5121 777 5164 o.

619 5237 667 5302 De
690 5238 880 5302 tenentibus
905 5245 1067 5302 terrarum
1092 5237 1255 5323 quondam
1279 5236 1436 5300 Jobannis
1459 5235 1520 5298 filii
1536 5232 1694 5296 Willelmi
1716 5252 1773 5315 pro
1795 5229 1856 5316 xij·
1876 5232 1968 5312 parte
1983 5248 2039 5290 un.
2054 5227 2079 5292 f.

575 5323 709 5389 ibidem.
753 5324 875 5405 Niohil‚
890 5332 955 5390 eto.

620 5462 667 5527 De
697 5464 887 5527 tenentibus
916 5467 1073 5528 terrarum
1103 5463 1268 5549 quondam
1298 5461 1456 5526 Johannis
1487 5459 1527 5523 de
1556 5457 1757 5542 Wyllughby
1787 5460 1821 5520 eb
1857 5452 2003 5546 Philippi
2040 5451 2083 5516 de

577 5549 763 5634 Somervyle
778 5571 835 5635 pro
852 5552 899 5636 xj·
919 5555 1012 5634 parte
1027 5570 1082 5616 un.
1098 5553 1121 5616 f.
1137 5573 1180 5615 m.
1195 5552 1230 5613 in
1250 5551 1427 5618 Wmoaar.
1472 5546 1592 5626 Nichil,
1608 5551 1670 5610 eto.

620 5687 669 5750 De
694 5687 881 5750 tenentibus
905 5697 1063 5751 terramm
1088 5687 1253 5773 quondam
1275 5687 1393 5773 Rogeri
1415 5686 1455 5750 de
1471 5683 1618 5748 Stratton
1634 5703 1693 5766 pro
1707 5680 1767 5765 vjt⁸
1785 5683 1876 5764 parte
1890 5699 1946 5742 un.
1968 5673 2024 5764 [ss]
2046 5676 2085 5740 in

579 5775 728 5840 Oxcoma.
773 5773 894 5854 Niehil,
911 5782 973 5840 eto.

620 5911 669 5976 De
684 5912 872 5978 tenentibus
887 5917 1047 5979 terrarum
1060 5915 1200 5999 predicti
1215 5914 1337 6000 Rogeri
1350 5934 1409 5997 pro
1424 5921 1459 5978 x·
1478 5913 1573 5994 parte
1587 5929 1644 5974 un.
1658 5908 1682 5974 i.
1697 5907 1831 5972 ibidem.
1876 5902 1999 5980 Niohil,
2017 5907 2083 5969 eto.
