5000 7050
1247 1045 1379 1129 ΚΕΝΤ.

1180 1338 1278 1411 A.D.
1323 1336 1437 1409 1431.

1164 1888 1459 1979 [elnensem]

607 2080 786 2165 Inquisicio
811 2085 908 2165 capta
930 2080 1018 2164 apud
1045 2080 1257 2148 cantuariam
1282 2080 1318 2144 in
1341 2080 1500 2143 comitatu
1525 2079 1659 2158 Kancie,
1674 2078 1728 2142 die
1743 2076 1897 2141 Mercurii
1913 2076 2058 2160 proximo

562 2176 638 2251 post
651 2170 773 2233 festum
796 2168 908 2234 Sancti
930 2168 1071 2247 Andree,
1096 2168 1249 2253 apostoli,
1275 2187 1359 2231 anno
1385 2188 1419 2231 re
1464 2168 1586 2252 inagis
1612 2165 1747 2231 Henrici
1770 2165 1855 2228 sexti
1880 2163 1999 2249 Anglie
2022 2166 2058 2226 et

562 2255 700 2320 Francia
723 2256 860 2335 decimo,
889 2276 994 2320 coram
1021 2254 1169 2321 Johanne
1196 2253 1332 2333 Pecche,
1359 2254 1423 2317 Wil
1439 2254 1524 2318 elmo
1557 2252 1718 2337 Colpepir,
1743 2251 1914 2329 militibus,
1933 2247 2058 2313 'lhoma

563 2343 652 2425 Elye,
667 2342 817 2408 Johanne
831 2344 947 2429 Digge,
963 2343 1129 2407 Willelmo
1145 2341 1308 2420 clifforde,
1323 2341 1501 2428 armigeris,
1517 2338 1641 2405 Thema
1657 2338 1851 2419 Betenham,
1861 2344 1895 2403 et
1910 2335 2058 2401 Johanne

564 2429 776 2508 Greneiorde,
785 2431 980 2514 justiciariis
994 2431 1119 2495 domini
1134 2434 1230 2515 regis,
1246 2431 1421 2514 assignatis
1436 2428 1476 2493 de
1491 2428 1685 2513 inquirendo
1700 2428 1741 2492 de
1756 2426 1891 2492 diversis
1905 2430 1941 2490 et
1961 2426 2058 2489 certis

563 2518 709 2582 articulis
732 2520 767 2581 in
797 2518 902 2582 literis
928 2519 1116 2602 patentibus
1140 2518 1220 2581 dicti
1245 2518 1370 2581 domini
1394 2517 1479 2602 regie
1502 2516 1624 2579 eisdem
1649 2516 1780 2579 directis
1803 2514 1978 2591 contentis,
2002 2532 2059 2597 per

563 2610 802 2669 sacramentum
818 2605 839 2669 J
841 2605 976 2669 ohannis
991 2604 1117 2691 Lynde,
1131 2604 1291 2668 Willelmi
1309 2604 1419 2683 Briau,
1435 2603 1567 2669 Boberti
1583 2602 1848 2680 Virle‚Willelmi
1864 2606 1933 2665 atta
1946 2599 2059 2677 Wode,

564 2692 723 2756 Johauuis
746 2692 921 2769 Birchclte,
950 2690 1110 2756 Johauuis
1135 2691 1257 2771 Pende,
1288 2691 1436 2755 Edwardi
1468 2690 1606 2771 Durani,
1637 2688 1797 2754 Johannis
1826 2688 1906 2773 Loy,
1936 2688 2058 2753 Thome

566 2779 742 2863 Lambsyn,
773 2778 932 2843 Johauuis
961 2778 1087 2857 Brems,
1116 2779 1288 2843 Laurencii
1319 2778 1462 2863 Wynter,
1494 2783 1531 2842 et
1560 2777 1694 2841 Roberti
1723 2775 1841 2855 Brand,
1874 2776 2058 2861 juratorum

564 2866 711 2931 civitatis
724 2867 881 2951 predicte,
897 2868 955 2951 qui
970 2868 1087 2931 dicunt
1100 2888 1195 2952 snper
1209 2872 1445 2931 monumentum
1463 2886 1557 2930 snum
1572 2870 1669 2949 prout
1683 2864 1820 2929 inferius
1834 2865 1995 2947 liquet.-

608 3004 649 3066 In
678 3004 793 3086 primis
821 3003 939 3067 dicunt
970 3024 1028 3087 per
1063 3008 1304 3068 sacramentum
1343 3022 1439 3067 suum
1468 3001 1555 3087 qnod
1584 3003 1691 3087 quoad
1719 3003 1939 3087 qninquginta
1967 3000 2060 3066 feoda

564 3091 710 3155 militum
725 3091 851 3175 integra
868 3093 935 3155 sive
950 3091 1107 3175 percellas
1122 3092 1298 3156 eorundem
1314 3092 1492 3168 feodorum,
1507 3090 1548 3155 de
1563 3090 1680 3174 quibus
1695 3110 1836 3175 expensa
1850 3089 1997 3153 militum
2018 3090 2059 3153 ad

563 3179 721 3243 ultimum
750 3178 1002 3260 parliamentum
1031 3179 1209 3243 electorum
1238 3199 1404 3264 emergere
1433 3178 1598 3257 deberent,
1627 3183 1667 3241 ut
1695 3178 1731 3242 in
1768 3177 1922 3261 predictis
1957 3178 2060 3242 literis

565 3265 779 3349 specificatur,
795 3285 861 3330 non
875 3265 999 3330 habent
1014 3266 1099 3330 inira
1113 3268 1283 3332 civitatem
1300 3264 1484 3344 cantuarie,
1498 3266 1583 3331 unde
1597 3265 1740 3350 aliquam
1756 3266 1913 3329 noticiam
1928 3262 2058 3330 habent.

610 3404 699 3468 Item
721 3404 836 3468 dicunt
857 3405 943 3489 qnod
967 3404 1083 3469 Gnidc
1106 3405 1196 3490 Elys,
1218 3404 1259 3469 de
1285 3402 1447 3487 Renham,
1472 3404 1674 3488 gentelman,
1697 3402 1751 3468 die
1766 3404 1901 3467 Veneris
1915 3404 2060 3487 proximo

564 3496 641 3557 ante
655 3489 777 3556 festum
793 3490 905 3556 Sancti
921 3491 1053 3556 Hillarii
1068 3493 1226 3557 ultimum
1240 3494 1444 3577 preteritum,
1460 3494 1526 3557 fuit
1540 3494 1669 3557 seisitus
1684 3492 1725 3557 de
1750 3491 1850 3557 libero
1875 3495 2060 3557 tenemento

565 3600 634 3660 suo,
662 3580 703 3644 de
725 3582 871 3644 manerio
897 3581 938 3645 de
961 3581 1169 3648 Dauuunonn
1195 3602 1271 3656 cum
1288 3581 1355 3647 suis
1370 3581 1583 3665 pertinenciis
1596 3581 1682 3644 inira
1696 3581 1866 3646 civitatem
1880 3579 2061 3664 predictam

563 3672 694 3732 tentum
727 3667 799 3749 (eie)
829 3669 868 3731 in
897 3668 1126 3754 gavelekende,
1164 3669 1252 3755 qnod
1281 3669 1413 3755 quidem
1443 3669 1625 3733 manerium
1654 3667 1741 3734 valet
1769 3669 1939 3733 annuatim
1973 3669 2059 3734 ultra

566 3775 717 3841 reprrsas,
733 3775 819 3822 xxa.

609 3892 704 3956 Idem
730 3892 845 3957 Gnido
868 3892 1016 3979 predicto
1038 3893 1094 3957 die
1117 3891 1254 3958 Veneris
1282 3891 1347 3957 init
1370 3892 1501 3957 seisitus
1527 3892 1568 3956 de
1592 3892 1690 3956 certis
1709 3893 1802 3958 terris
1817 3896 1851 3957 et
1866 3891 2062 3958 tenementis

566 3980 647 4045 alibi
661 3980 696 4044 in
711 3982 871 4045 comitatu
885 3980 1020 4061 Kancie,
1035 3980 1076 4045 de
1092 4001 1228 4065 quorum
1244 3981 1350 4047 valore
1364 3981 1527 4064 ignorant.

609 4119 754 4202 Rogerne
780 4098 902 4196 Heron,
927 4118 1085 4204 magister
1107 4118 1238 4203 collegii
1264 4119 1305 4183 de
1328 4117 1545 4197 Maidestane,
1567 4117 1713 4203 predicto
1735 4116 1788 4182 die
1803 4117 1938 4184 Veneris
1960 4113 2061 4208 [fui]t

569 4207 699 4270 seisitus
713 4207 754 4269 de
769 4225 799 4271 x.
808 4207 842 4271 li.
860 4207 977 4270 annuis
990 4203 1184 4270 exeuntibus
1198 4207 1240 4270 de
1256 4207 1401 4272 manerio
1414 4207 1455 4270 de
1470 4206 1655 4274 Dauenoun
1670 4207 1863 4290 supradicto.

609 4341 774 4408 Johannes
789 4343 1008 4426 Stcpyndone,
1024 4342 1160 4408 clericus
1174 4350 1335 4409 rectorum
1362 4345 1496 4410 ecclesie
1516 4344 1557 4408 de
1581 4343 1710 4423 Ikham,
1736 4343 1824 4409 dicte
1849 4345 1904 4409 die
1927 4344 2064 4410 Veneris

567 4432 633 4495 init
661 4431 792 4495 seisitus
820 4429 861 4494 de
891 4432 989 4494 certis
1013 4434 1210 4496 tenementis
1239 4433 1276 4495 in
1307 4433 1506 4511 Causennis,
1531 4453 1594 4518 qne
1617 4434 1729 4497 valent
1754 4453 1958 4516 perannum
1975 4434 2063 4499 ultra

566 4519 715 4602 reprisas,
729 4517 766 4603 ij.
780 4538 914 4583 marcas.
947 4518 994 4582 Et
1004 4519 1101 4584 habet
1115 4519 1194 4583 alibi
1209 4521 1245 4583 in
1261 4522 1421 4585 comitatu
1434 4519 1582 4606 predicto
1596 4524 1685 4585 certa
1699 4523 1798 4585 terras
1813 4525 1849 4585 ct
1865 4524 2061 4603 tenementa,

566 4605 607 4670 de
622 4625 760 4690 quorum
774 4604 883 4670 valore
897 4607 1060 4690 ignorant.

612 4741 778 4808 Galiridus
794 4741 955 4822 Inwcher,
969 4745 1121 4830 armiger,
1137 4746 1286 4830 predicto
1302 4746 1356 4811 die
1370 4745 1504 4811 Veneris
1519 4747 1585 4810 fnit
1599 4747 1730 4812 seisitus
1745 4745 1785 4812 de
1799 4747 1896 4813 certis
1911 4749 2007 4814 terris
2028 4749 2064 4814 in

567 4831 971 5002 giddidddldidiudtdilent
985 4851 1041 4916 per
1055 4851 1178 4898 annum
1194 4833 1282 4899 ultra
1296 4834 1448 4920 reprisas,
1462 4833 1499 4919 ij.
1515 4853 1647 4902 marcas
1682 4834 1727 4900 Et
1741 4832 1840 4901 habet
1854 4838 1890 4900 in
1905 4837 2064 4903 comitatu

613 5054 796 5120 Willelmns
833 5055 934 5138 Iane,
965 5057 1005 5122 de
1035 5057 1220 5140 cantuaria,
1251 5060 1306 5125 die
1336 5064 1399 5126 etc.
1430 5059 1496 5124 fuit
1526 5061 1656 5124 seisitus
1692 5056 1748 5148 [de
1783 5061 1881 5125 certis
1910 5063 2006 5128 terris
2030 5062 2064 5127 in

570 5140 784 5230 Cannarum]
820 5164 883 5230 que
910 5145 1022 5210 valent
1050 5148 1224 5212 annuatim
1254 5148 1341 5212 ultra
1369 5150 1518 5232 reprime,
1549 5147 1650 5231 xij.li.
1698 5149 1742 5211 Et
1771 5148 1863 5233 plura
1894 5148 1992 5214 habet
2029 5150 2065 5214 in

568 5231 730 5295 comitatu
743 5231 890 5315 predicto
903 5233 981 5296 alibi
997 5238 1061 5300 etc.

612 5363 797 5430 Willelmns
826 5366 942 5446 Benet,
971 5369 1011 5432 de
1041 5366 1227 5449 cantuaria,
1259 5369 1313 5435 die
1342 5376 1405 5436 etc.
1436 5371 1502 5436 fuit
1539 5371 1670 5436 seisitus
1707 5374 1749 5437 de
1785 5372 1883 5438 certis
1910 5375 2009 5439 terris
2032 5379 2067 5441 et

569 5455 767 5517 tenementis
788 5451 840 5541 [in
855 5457 1133 5540 Graeciamque
1148 5457 1258 5522 valent
1272 5459 1445 5524 annuatim
1460 5459 1549 5524 ultra
1568 5456 1722 5548 reprisas]
1743 5461 1811 5545 viij.
1820 5464 1853 5529 li.
1899 5461 1944 5526 Et
1969 5461 2067 5528 habet

570 5539 634 5604 alia
648 5545 748 5605 terras
763 5547 797 5606 et
812 5549 999 5608 tenementa
1013 5543 1092 5608 alibi
1106 5550 1169 5611 etc.
1572 5587 1574 5594 ,

612 5679 776 5744 Johannes
791 5679 935 5764 Shepard
951 5680 1016 5744 fuit
1036 5677 1183 5769 [seisitus
1198 5683 1238 5748 de
1255 5685 1349 5750 certis
1364 5686 1458 5750 terris
1474 5693 1508 5750 et
1522 5684 1718 5750 “cementis
1733 5685 1767 5750 in
1784 5685 1981 5768 Osunuanul,
2002 5708 2066 5771 que

568 5767 874 5921 diffitadiiffiim
897 5768 986 5833 ultra
1012 5772 1151 5854 reprisas
1197 5821 1428 5839 .....
1431 5767 1446 5859 ]
1504 5768 1578 5860 [Et]
1599 5773 1664 5838 alia
1689 5777 1791 5837 terras
1817 5781 1853 5839 et
1875 5780 2067 5841 tenementa
