5000 7050
546 1061 610 1126 ses
1186 1061 1407 1132 nossem.
1530 1039 1532 1048 ’

593 1345 749 1434 [Thomas
771 1349 812 1413 de
834 1349 1017 1415 Kerdeston
1039 1355 1130 1416 tenet
1143 1352 1325 1417 inmedicte
1350 1353 1391 1416 de
1416 1349 1590 1416 heredibus
1615 1351 1767 1414 Fuloouis
1782 1348 1935 1433 Banyerd
1965 1353 2055 1412 certa

543 1439 646 1500 terres
668 1443 704 1500 et
728 1443 918 1501 tenementa
943 1439 978 1501 in
1005 1439 1142 1521 Rrsrou,
1169 1461 1233 1524 que
1257 1460 1362 1524 nuper
1387 1439 1520 1506 iuenmt
1545 1438 1695 1502 Metildis
1717 1438 1757 1501 de
1785 1437 1982 1518 Kerdeston‚
1999 1458 2057 1521 per

543 1524 717 1587 servicium
731 1524 920 1589 medietatis
928 1525 957 1610 j.
974 1525 997 1591 f.
1014 1548 1060 1592 m.

585 1657 733 1745 Rogerus
749 1660 900 1747 Crisping
912 1668 948 1727 et
962 1664 1142 1748 percenarii
1157 1665 1207 1729 sui
1222 1670 1338 1729 tenent
1352 1664 1530 1729 inmediate
1546 1663 1586 1726 de
1602 1664 1736 1727 castello
1751 1663 1790 1727 de
1815 1663 1934 1744 Rising
1961 1667 2055 1725 certe

541 1749 644 1812 terras
669 1754 705 1812 et
731 1753 919 1814 tenementa
940 1751 976 1813 in
999 1749 1251 1835 Hsvnrsuunom
1275 1773 1339 1837 que
1364 1773 1470 1836 nuper
1497 1753 1629 1816 fuerunt
1654 1751 1811 1815 Willelmi
1836 1749 1967 1814 Miliers
1999 1769 2056 1832 per

542 1835 713 1900 servicium
727 1841 840 1920 quarte
854 1838 958 1922 partis
971 1837 996 1924 j.
1014 1839 1038 1904 f.
1055 1858 1101 1904 m.

583 1971 676 2036 Prior
697 1973 738 2037 de
764 1972 918 2059 Inghem‚
943 1973 1106 2041 Johcnnes
1131 1975 1230 2039 Aslak
1256 1981 1291 2040 et
1317 1975 1480 2040 Walterus
1506 1975 1614 2039 Wilde
1637 1979 1752 2038 tenent
1766 1974 1945 2038 inmediete
1962 1979 2055 2038 certe

540 2066 643 2124 terres
657 2065 693 2124 et
705 2067 896 2125 tenementa
909 2063 945 2126 in
962 2061 1120 2130 Susum
1133 2063 1177 2126 de
1189 2062 1306 2127 abbate
1322 2061 1435 2127 Sancti
1450 2063 1624 2131 Benedicti
1640 2062 1681 2126 de
1698 2061 1832 2140 Hulmo,
1857 2082 1920 2147 que
1944 2081 2055 2146 nuper

539 2147 672 2212 fuerunt
686 2147 845 2213 Willelmi
858 2148 898 2213 de
914 2147 1074 2233 Stalbam‚
1089 2171 1147 2234 per
1161 2150 1333 2215 servicium
1349 2156 1465 2235 quarte
1478 2152 1581 2235 pertis
1591 2149 1618 2234 j.
1634 2150 1658 2215 i.
1674 2171 1720 2217 m.

583 2283 683 2349 Nulle
708 2290 786 2351 sunt
810 2285 877 2350 alie
902 2306 1039 2369 persone
1066 2287 1133 2352 sive
1156 2293 1310 2352 tenentes
1333 2287 1419 2352 infre
1442 2287 1647 2351 hundredum
1670 2287 1853 2371 predictum
1877 2286 1994 2350 seisite
2017 2287 2053 2348 in

539 2371 704 2436 dominico
720 2394 777 2437 suo
791 2374 982 2453 immediate,
996 2379 1035 2438 ut
1049 2373 1090 2438 de
1104 2374 1208 2441 libero
1221 2381 1423 2454 tenemento,
1437 2376 1525 2438 unde
1540 2374 1642 2438 iidem
1657 2395 1792 2459 persone
1807 2374 1874 2437 sive
1893 2378 2054 2438 tenentes

539 2460 626 2524 infre
639 2457 844 2525 hundredum
858 2461 1040 2545 predictum
1054 2465 1284 2547 possessioneti
1299 2464 1457 2540 existunt,
1466 2465 1523 2548 qui
1532 2467 1645 2526 tenent
1659 2483 1718 2546 per
1731 2463 1899 2545 integrum
1914 2459 2054 2525 feodum

539 2547 669 2628 militis,
683 2548 906 2629 medietatem,
921 2551 1057 2614 tercium
1072 2550 1125 2615 vel
1139 2557 1288 2636 quartam
1302 2557 1432 2634 partem
1446 2553 1544 2615 unius
1559 2549 1646 2614 feodi
1660 2549 1778 2614 militis
1793 2545 1981 2634 inclusive]

1017 2933 1237 3002 Honnnanuu
1260 2953 1305 3002 on
1327 2933 1412 3003 EST
1436 2933 1569 3002 FLEG.

583 3093 762 3182 Inquisicio
784 3103 879 3180 cepta
903 3097 989 3182 apud
1014 3095 1110 3182 Filby
1130 3099 1184 3163 die
1215 3099 1307 3163 Luns
1332 3100 1479 3183 proximo
1503 3103 1579 3160 ente
1602 3097 1723 3161 festum
1754 3093 1866 3158 Sancti
1896 3095 2050 3161 Barnabe

538 3185 675 3267 apostoli
701 3203 786 3247 anno
808 3186 902 3269 regni
925 3187 1011 3269 regis
1035 3184 1171 3250 Henrici
1194 3187 1278 3250 sexti
1302 3193 1376 3270 post
1399 3193 1609 3270 conquestum
1635 3191 1724 3248 sexto
1749 3203 1856 3245 coram
1887 3182 2050 3246 Nicholeo

539 3271 670 3352 Castell,
700 3270 849 3335 Johanue
877 3271 1028 3356 Olipesby
1054 3277 1088 3335 et
1117 3274 1212 3336 sociis
1237 3275 1307 3336 suis
1332 3273 1558 3337 collectoribus
1585 3270 1723 3336 subsidii
1745 3270 1869 3332 domini
1895 3271 1985 3354 regis
2012 3274 2049 3333 in

538 3360 698 3423 comitatu
712 3357 881 3422 NorsoIkie
896 3359 931 3421 in
946 3359 1066 3423 ultimo
1080 3359 1296 3442 parliamento
1312 3357 1371 3424 suo
1384 3361 1472 3442 apud
1488 3358 1814 3424 westmonasterium
1829 3358 1863 3419 in
1879 3357 2049 3442 quindena

539 3445 652 3510 Sancti
687 3444 860 3510 Michaelis
895 3445 1014 3510 ultimo
1042 3451 1198 3531 preterito
1226 3454 1319 3512 teuto
1356 3447 1502 3511 concessi
1532 3468 1589 3533 per
1619 3453 1854 3510 sacramentum
1884 3444 2048 3508 Willelmi

537 3533 744 3619 Pykerynge,
771 3533 903 3598 Ricardi
928 3534 1089 3615 Helvetum
1104 3534 1262 3599 Willelmi
1286 3535 1537 3619 Stywcrdesson‚
1563 3532 1723 3598 Johennis
1749 3532 1912 3615 Galevey,
1929 3531 2049 3597 Jacobi

538 3622 704 3705 Hadynet
734 3620 893 3686 Johanuis
921 3620 1071 3703 Bauius,
1094 3622 1255 3688 Willelmi
1285 3623 1467 3703 Lacebond,
1497 3621 1621 3686 Thome
1651 3620 1761 3699 Have,
1787 3620 1924 3684 Henrici
1953 3620 2048 3697 Prat,

538 3709 697 3773 Joheunis
711 3708 791 3789 Her,
806 3708 930 3773 Thome
945 3708 1040 3775 Cierk
1054 3719 1090 3773 et
1104 3710 1224 3796 Rogeri
1238 3711 1381 3791 Purdon,
1397 3712 1456 3793 qui
1470 3710 1586 3774 dicunt
1610 3730 1666 3794 per
1692 3713 1929 3771 sacramentum
1955 3708 2045 3790 quod

538 3816 649 3860 omues
663 3816 799 3881 persone
812 3798 849 3861 in
862 3799 928 3861 ists
941 3798 1158 3883 inquisicione
1172 3799 1341 3862 nominate
1357 3806 1435 3862 sunt
1450 3798 1558 3861 seisite
1573 3802 1608 3862 et
1624 3796 1855 3879 possessionute
1869 3802 1903 3858 et
1930 3814 2046 3857 eorum

536 3884 685 3966 quelibet
699 3889 748 3948 est
758 3885 871 3948 seisita
880 3890 915 3949 et
924 3886 1203 3968 possessionutuin
1213 3887 1307 3949 terrie
1318 3890 1354 3949 et
1362 3887 1561 3950 tenementis
1577 3886 1644 3949 suis
1652 3886 1687 3948 in
1703 3882 1866 3946 dominico
1877 3900 1936 3945 suo
1948 3888 1989 3945 ut
2004 3882 2046 3944 de

537 3972 640 4123 libpplo
662 3975 850 4037 tenemento
874 3992 934 4037 suo
958 3978 994 4036 et
1016 3976 1134 4037 tenent
1156 3993 1214 4037 seu
1228 3978 1320 4039 tenet
1332 3972 1430 4038 modo
1444 3978 1480 4037 et
1494 3974 1597 4037 forma
1611 3972 1667 4057 qui
1682 3976 1874 4055 sequuntur,
1890 3968 2046 4033 videlicet

536 4078 581 4145 qu
632 4082 687 4123 :-

582 4246 781 4333 Reginuldus
806 4245 990 4313 Cobbebum
1015 4253 1107 4313 tenet
1132 4248 1174 4313 de
1199 4248 1273 4333 jure
1303 4250 1409 4313 uxoris
1434 4248 1619 4314 menesium
1645 4248 1684 4311 de
1711 4246 1848 4325 cresse,
1879 4246 1963 4331 quod
1993 4253 2045 4311 est

537 4334 678 4421 porcella
691 4335 825 4399 manerii
840 4335 882 4399 de
895 4334 1058 4416 Centelee,
1074 4356 1131 4420 per
1146 4339 1317 4402 servicium
1332 4338 1379 4403 di.
1395 4335 1419 4402 f.
1435 4358 1482 4403 m.
1498 4338 1539 4401 de
1554 4336 1686 4399 domino
1701 4355 1778 4421 rege
1790 4335 1982 4399 inmediate.

581 4472 681 4557 Hugo
695 4471 866 4551 ficiebam,
874 4471 981 4551 miles,
990 4457 1083 4536 tenet
1098 4474 1279 4539 menesium
1294 4472 1334 4539 de
1345 4472 1458 4542 Fvunv
1469 4472 1651 4537 inmediete
1661 4471 1702 4536 de
1712 4472 1843 4535 domino
1855 4492 1941 4556 rege,
1955 4472 2044 4555 quod

536 4580 641 4645 nuper
655 4559 720 4623 fuit
733 4560 899 4624 comitisse
913 4557 955 4623 de
968 4558 1130 4626 Penbrok.

581 4695 781 4782 Reginaldus
810 4694 954 4761 Oobhum
983 4700 1075 4762 tenet
1104 4698 1144 4761 de
1179 4699 1249 4786 inre
1279 4699 1386 4763 uxoris
1416 4719 1471 4763 sue
1501 4718 1605 4762 unum
1635 4696 1837 4783 quarterium
1875 4694 1899 4759 f.
1930 4714 1975 4758 m.
2007 4698 2043 4759 in

536 4783 857 4957 fictirptqqsgqqidquod
882 4803 986 4869 nuper
1009 4786 1076 4850 tuit
1100 4783 1260 4850 Johunnis
1286 4786 1430 4863 Bardoli,
1456 4786 1632 4850 inmediute
1657 4785 1697 4848 de
1724 4782 1893 4847 heredibus
1919 4782 2044 4847 Thome

581 5008 728 5074 Heredes
753 5006 911 5072 Willelmi
937 5008 1113 5095 Narburgb
1138 5014 1253 5075 tenent
1284 5012 1319 5075 iu
1349 5011 1550 5079 Tnnvouusr
1580 5029 1681 5073 unum
1711 5009 1912 5095 quarterium
1942 5008 1965 5073 f.
1993 5030 2040 5075 m.

536 5098 717 5162 inmediste
730 5095 770 5159 de
784 5096 958 5161 heredibus
972 5095 1131 5161 Jobannis
1145 5098 1236 5181 Caly,
1251 5100 1337 5183 quod
1351 5119 1452 5183 nuper
1468 5100 1531 5163 fuit
1548 5099 1568 5165 J
1569 5096 1705 5162 ohannis
1720 5095 1827 5180 Filby.

580 5230 746 5300 Johennes
772 5230 925 5317 Barkyng
950 5238 984 5297 et
1008 5232 1172 5299 Henricus
1188 5234 1324 5300 Wcruer
1349 5242 1466 5302 tenent
1488 5238 1522 5299 in
1549 5236 1655 5301 Fures
1669 5233 1714 5297 di.
1730 5232 1754 5298 f.
1771 5254 1816 5297 m.
1834 5231 1923 5317 quod
1936 5252 2041 5316 nuper

536 5322 602 5387 fuit
616 5320 774 5388 Jobunnis
790 5319 919 5385 Holbek
932 5326 968 5385 et
982 5320 1114 5387 Ricardi
1127 5322 1310 5409 Berkyuge,
1326 5324 1504 5389 inmediete
1518 5323 1559 5388 de
1572 5321 1744 5386 heredibus
1760 5320 1917 5386 Johannis
1933 5319 2024 5405 cuy.

580 5456 724 5523 Heredes
739 5456 898 5521 Willelmi
919 5440 1043 5523 'Ceston
1068 5466 1185 5544 tenent
1210 5463 1245 5525 in
1272 5462 1464 5531 Sosournur
1489 5481 1593 5525 unum
1616 5460 1817 5541 quarterium
1841 5458 1863 5522 f.
1878 5478 1924 5523 m.
1951 5460 2039 5543 quod

535 5567 639 5630 nuper
652 5545 717 5608 fuit
731 5542 891 5611 Jobsnnis
905 5546 946 5611 de
963 5546 1063 5611 Leem
1079 5554 1115 5612 et
1130 5548 1290 5615 Johunnis
1303 5552 1338 5615 in
1364 5549 1420 5614 the
1436 5548 1577 5625 Wilves,
1598 5545 1776 5609 inmediete
1799 5545 1841 5609 de
1866 5544 2038 5611 heredibus

533 5631 907 5717 ThomeHuntyngfeld.
1223 5634 1226 5641 '

579 5767 725 5831 Heredes
750 5765 909 5834 Johunnis
932 5768 1077 5835 Normcu
1103 5779 1138 5835 et
1163 5771 1347 5840 willelmus
1372 5768 1563 5853 Pykerynge
1591 5769 1706 5829 tenent
1733 5764 1770 5827 iu
1800 5762 1906 5830 anv
1934 5783 2037 5827 unum

533 5856 732 5940 quarterium
757 5855 781 5918 f.
796 5875 841 5921 m.
865 5858 952 5942 quod
977 5876 1081 5942 nuper
1104 5859 1168 5923 fuit
1194 5860 1353 5943 Stephani
1378 5857 1561 5935 Tctesbale,
1586 5853 1766 5918 iumediate
1796 5851 1836 5914 de
1865 5850 2036 5917 heredibus

533 5941 658 6009 Thomu
673 5941 856 6031 Ponyngee.
2030 6004 2035 6009 .
