5000 7050
1240 1056 1373 1127 ΚΕΝΤ.

1176 1348 1271 1421 Μ).
1315 1346 1437 1419 1346.

606 1537 762 1601 Particuli
780 1539 848 1615 (sic)
866 1535 1011 1619 compoti
1026 1532 1185 1598 Johannis
1201 1535 1241 1597 de
1258 1531 1497 1619 Frenyngham,
1529 1553 1634 1617 nuper
1660 1534 1860 1597 vicecomitis
1883 1533 2060 1597 comitatus

563 1626 701 1701 Kancie,
734 1629 769 1687 et
806 1623 929 1687 Thome
965 1621 1006 1685 de
1039 1620 1273 1707 Gyllyngham,
1297 1641 1399 1704 nuper
1423 1620 1632 1685 collectorum
1656 1621 1771 1684 auxilii
1807 1620 1850 1685 xl.
1867 1644 1893 1685 a.
1919 1620 1986 1705 regi
2017 1620 2058 1683 ad

563 1714 820 1796 primogenitum
835 1710 940 1774 filium
957 1730 1052 1773 suum
1067 1710 1211 1773 militem
1226 1707 1409 1772 iaciendum
1424 1710 1457 1771 in
1475 1710 1633 1773 comitatu
1649 1708 1785 1787 Kancie,
1801 1728 1885 1771 anno
1906 1708 2059 1771 vicesimo

560 1803 646 1885 regis
660 1800 809 1863 Edwardi
824 1799 918 1861 tercii
932 1805 1006 1880 post
1021 1801 1234 1880 conquestum
1248 1798 1399 1861 concessi.

998 2035 1038 2102 In
1060 2055 1159 2102 nasso
1184 2033 1340 2102 SANOTI
1363 2034 1619 2103 AUGUSTINI.

908 2290 912 2297 ,
1025 2227 1246 2293 Huunasnun
1270 2247 1313 2293 nn
1337 2224 1596 2294 Wusueaun.

603 2366 652 2429 De
677 2366 841 2434 Willelmo
870 2366 912 2429 de
937 2364 1121 2449 Septvauis‚
1148 2364 1266 2442 milite,
1305 2384 1362 2448 pro
1384 2363 1411 2447 j.
1440 2362 1461 2427 f.
1490 2384 1533 2427 m.
1550 2363 1636 2446 quod
1662 2363 1813 2427 dominus
1836 2362 1994 2427 Rubenius
2020 2364 2061 2427 de

561 2454 719 2537 Septvans
734 2455 844 2517 tenuit
865 2451 968 2540 [apud
980 2453 1122 2519 Menneu
1227 2492 1239 2503 ·
1345 2490 1861 2503 ------
1951 2451 1993 2517 xl.
2010 2449 2055 2539 a]

603 2591 651 2654 De
680 2591 795 2655 eodem
819 2589 983 2659 Willelmo
1008 2610 1066 2673 pro
1090 2608 1145 2652 uu.
1170 2589 1193 2653 f.
1219 2609 1264 2654 m.
1292 2588 1379 2672 quod
1397 2586 1564 2672 predictus
1591 2587 1750 2651 Robertue
1771 2593 1805 2651 et
1829 2586 1995 2653 iohannes
2020 2590 2062 2652 de

558 2678 720 2763 Valoygns
735 2684 908 2741 tenuerunt
923 2679 958 2740 in
975 2678 1150 2743 Taururou
1165 2676 1206 2740 de
1228 2672 1482 2763 [archiepiscopo
1497 2674 1725 2741 cantuariensi
1746 2710 1761 2722 -
1850 2716 1861 2727 -
1950 2677 1995 2741 xl.
2011 2674 2055 2764 a]

603 2819 653 2881 De
667 2816 816 2883 Johanne
830 2820 871 2881 de
886 2817 1003 2881 Poldre
1018 2838 1076 2901 pro
1086 2818 1136 2901 vj·
1151 2821 1242 2900 parte
1254 2816 1299 2881 di.
1316 2814 1339 2881 i.
1352 2816 1439 2898 quod
1467 2817 1535 2895 (cic)
1563 2814 1670 2879 dictus
1693 2813 1858 2879 Johannes
1879 2814 1919 2879 de
1946 2814 2061 2880 Poldre

559 2908 668 2970 tenuit
681 2909 716 2970 in
732 2907 912 2973 Deusnsnn
927 2904 968 2968 de
982 2906 1073 2969 dicto
1091 2902 1330 2987 archiepiscopo
1930 2900 1990 2990 [xl.
2007 2900 2055 2989 d]

603 3044 651 3108 De
661 3043 835 3108 heredibus
849 3042 1009 3108 Johannis
1023 3039 1355 3125 Tenuere,8tephan0
1370 3040 1410 3104 de
1424 3039 1540 3125 wyte,
1546 3044 1580 3104 et
1589 3039 1727 3105 Ricardo
1736 3039 1816 3105 Bett
1830 3061 1888 3124 pro
1896 3040 1959 3125 iiij.
1969 3046 2062 3125 parte

555 3132 739 3303 ἓρξεᾶιὲῖω
755 3132 886 3270 heredes
900 3131 1059 3195 Johannis
1074 3130 1105 3194 le
1118 3129 1272 3215 Tayllour
1286 3134 1460 3192 tenuerunt
1483 3128 1571 3212 apud
1592 3128 1696 3195 Wrna
1722 3128 1762 3191 de
1787 3127 1933 3212 predicto
1950 3127 2061 3305 [apelii]-

691 3355 943 3440 Summa—iiij.
956 3357 991 3421 li.
1007 3354 1079 3440 xiij.
1095 3378 1122 3421 a.
1138 3353 1188 3438 iiij
1206 3355 1238 3420 d.
1254 3374 1313 3438 pro
1327 3352 1363 3438 ij.
1380 3352 1403 3420 s.
1421 3358 1457 3418 et
1471 3354 1524 3440 iij·
1545 3359 1636 3437 parte
1646 3352 1674 3437 j.
1691 3353 1714 3419 f.

1050 3546 1271 3613 Hnnnaunuu
1292 3566 1336 3611 nn
1358 3543 1576 3614 BYNGSLO.

604 3684 654 3750 De
669 3684 800 3747 domino
814 3682 981 3751 Willelmo
995 3682 1037 3746 de
1052 3680 1203 3768 Olynton,
1218 3683 1338 3746 comite
1354 3680 1615 3765 Huntingdonie,
1625 3699 1683 3763 pro
1693 3679 1721 3764 j.
1736 3681 1758 3748 i.
1771 3681 1857 3765 quod
1873 3682 2063 3766 Radulphus

558 3771 599 3837 de
614 3771 782 3836 Sandwico
795 3771 905 3834 tenuit
917 3771 1004 3854 apud
1019 3771 1117 3836 Dana
1129 3769 1169 3833 de
1177 3769 1293 3834 abbate
1308 3767 1421 3833 Sancti
1437 3767 1615 3852 Augustini
1674 3808 1686 3819 ·
1776 3809 1787 3820 -
1876 3807 1888 3818 -
1975 3771 2019 3837 xl.
2035 3795 2062 3838 a.

604 3912 654 3977 De
677 3911 791 3975 eodem
816 3910 950 3974 domino
971 3908 1138 3977 Willelmo
1160 3913 1194 3972 et
1220 3908 1357 3972 Ricardo
1383 3907 1414 3970 la
1440 3905 1534 3971 Clark
1561 3905 1602 3969 de
1629 3905 1805 3970 Totesham
1826 3926 1883 3991 pro
1894 3908 1921 3992 j.
1937 3909 1960 3974 f.
1977 3911 2063 3994 quod

559 3999 667 4151 pppltlrlrp
676 3995 1037 4150 pppppplptlgadulphm
1051 3997 1162 4060 tenuit
1176 3997 1211 4059 in
1226 3997 1393 4080 Weetgate
1408 3993 1449 4058 de
1464 3994 1579 4058 eodem
1594 3992 1723 4074 abbate,
1738 3994 1824 4080 apud
1845 3994 2008 4064 Mesenen
2028 3999 2062 4061 in

605 4223 654 4286 De
668 4223 827 4308 magistro
835 4219 991 4284 Nicholao
1006 4221 1046 4284 de
1058 4219 1225 4284 Sandwieo
1241 4239 1298 4304 pro
1312 4219 1337 4304 j.
1349 4217 1371 4284 i.
1385 4219 1472 4304 quod
1483 4218 1634 4283 dominus
1650 4217 1679 4280 N
1682 4217 1828 4283 icholaus
1838 4219 1878 4283 de
1890 4218 2064 4306 Sandwyco

563 4312 672 4375 tenuit
686 4311 721 4373 in
736 4308 886 4395 parochia
905 4308 1024 4376 Senem
1039 4309 1226 4375 Lauanuen
1248 4309 1285 4371 in
1300 4307 1429 4370 Tannet
1443 4305 1486 4371 de
1500 4306 1646 4390 predicto
1661 4305 1776 4370 abbate
1865 4347 1876 4358 -
1965 4309 2009 4376 xl.
2032 4334 2059 4376 r.

605 4448 655 4510 De
669 4447 690 4511 J
692 4444 817 4511 ohanne
832 4447 872 4511 de
889 4445 995 4530 Oryel,
1010 4447 1128 4525 milite,
1144 4466 1202 4529 pro
1221 4447 1242 4510 ’.
1262 4443 1285 4511 f.
1297 4445 1383 4530 quod
1398 4443 1557 4509 Radulius
1571 4444 1612 4508 de
1629 4443 1748 4508 Sancto
1763 4443 1941 4512 Laurencio
1956 4441 2065 4512 tenuit

563 4536 598 4599 in
611 4535 773 4602 Marem
784 4535 819 4597 in
836 4535 964 4598 Tannet
978 4534 1019 4598 de
1034 4533 1180 4618 predicto
1194 4468 1313 4596 abbate
1373 4564 1889 4585 ------
1977 4537 2020 4600 xl.
2037 4559 2063 4602 e.

607 4672 654 4736 De
669 4671 782 4736 eodem
798 4671 944 4736 Johanne
959 4692 1016 4756 pro
1027 4671 1055 4756 j.
1073 4671 1096 4736 f.
1109 4671 1196 4755 quod
1212 4669 1376 4755 Margeria
1390 4669 1430 4732 de
1446 4667 1552 4754 Gryel,
1577 4666 1711 4733 heredes
1735 4667 1885 4753 Hugonie
1905 4670 1946 4735 de
1968 4672 2066 4752 Iane,

562 4759 697 4824 heredes
712 4758 883 4822 Radulfile
897 4758 1002 4839 Kane,
1027 4763 1062 4822 et
1085 4757 1221 4822 heredes
1242 4757 1379 4821 Walteri
1404 4755 1557 4834 Thorold,
1581 4760 1759 4820 tenuerunt
1782 4757 1818 4819 in
1844 4757 1922 4823 villa
1944 4760 2063 4828 Sauorr

564 4848 737 4927 Nrononu,
753 4846 836 4910 etin
854 4847 976 4928 Suana,
992 4843 1294 4930 dearchiepiscopo
1309 4844 1592 4912 cantuariensi-
1682 4883 1694 4895 -
1785 4883 1796 4894 -
1886 4886 1897 4898 -
1985 4848 2028 4914 xl.
2039 4872 2065 4917 a.

605 4985 655 5074 De
684 4985 799 5049 abbate
829 4984 941 5047 Sancti
966 4984 1145 5068 Augustini
1169 4981 1347 5047 cantuarie
1387 5001 1446 5064 pro
1464 4979 1492 5064 j.
1521 4981 1628 5064 quart.
1658 4979 1683 5065 j.
1715 4977 1739 5044 f.
1770 4978 1805 5040 in
1836 4979 1914 5043 villa
1945 4981 2064 5052 Sinon

564 5074 727 5141 Nrononar
742 5072 938 5136 inTannetc
975 5105 1900 5123 ----------
1989 5091 2019 5135 x.
2035 5093 2062 5136 a.

694 5211 916 5276 Summa—r.
932 5210 967 5275 li.
984 5228 1015 5274 x.
1031 5231 1059 5274 a.
1076 5229 1136 5292 pro
1151 5229 1181 5275 v.
1199 5208 1222 5274 f.
1234 5208 1263 5292 j.
1280 5205 1450 5292 quarterio.

979 5423 1198 5490 Huunannuu
1220 5443 1265 5487 nn
1287 5417 1641 5488 KYNGHAMFORD.

604 5562 652 5625 De
667 5559 810 5624 Henrico
825 5560 864 5622 de
880 5559 1017 5627 Barbam
1032 5560 1151 5644 prodi.
1168 5558 1191 5625 f.
1207 5558 1292 5644 qnod
1309 5557 1469 5622 Henricns
1484 5557 1524 5621 de
1539 5553 1680 5620 Barbam
1695 5555 1804 5618 tenuit
1818 5554 1853 5618 in
1869 5551 2013 5623 Bnam
2025 5556 2065 5621 de

560 5647 800 5732 archiepiscopo
815 5645 1040 5712 cantuariensi
1063 5679 1884 5699 ---------
1972 5664 2025 5714 xx.
2037 5667 2064 5710 e.

605 5787 654 5851 De
670 5784 820 5850 Johanne
835 5785 875 5849 de
889 5785 964 5866 Ore,
979 5791 1015 5849 et
1025 5784 1197 5850 heredibus
1212 5785 1342 5849 Ricardi
1360 5784 1400 5848 dc
1418 5781 1591 5860 Wodeton,
1606 5800 1665 5865 pro
1691 5779 1737 5845 di.
1763 5779 1786 5844 f.
1813 5780 1901 5863 qnod
1925 5781 2065 5866 predicti

561 5875 727 5940 Johannes
742 5877 774 5938 et
790 5872 946 5937 Ricardus
960 5879 1138 5940 tennerunt
1153 5875 1189 5938 in
1199 5873 1370 5943 Wonnrcrr
1385 5872 1425 5935 ds
1440 5869 1587 5956 predicto
1601 5865 1837 5952 archiepiscopo
1851 5907 1879 5952 .·
1967 5888 2020 5937 xx.
2036 5893 2062 5936 a.
