5000 7050
1031 1091 1131 1180 [Ab.
1148 1093 1392 1182 raso-raas]

501 1380 601 1464 Hugo
614 1382 646 1446 le
662 1382 842 1466 Despenser
855 1389 947 1448 tenet
961 1385 1144 1453 Eauussas
1157 1388 1199 1450 de
1214 1406 1287 1471 rege
1302 1389 1355 1453 ic.
1372 1408 1430 1471 pro
1441 1386 1470 1472 j.
1487 1388 1509 1451 f.

500 1518 658 1583 Radulius
683 1522 724 1583 de
748 1520 843 1585 Cotes
869 1544 1009 1587 unacum
1035 1527 1152 1589 ceteris
1178 1525 1286 1591 liberis
1312 1527 1497 1591 tenentibus
1523 1528 1559 1589 in
1575 1486 1692 1593 Karina
1707 1528 1801 1590 tenet
1816 1524 1953 1589 eandem

457 1606 571 1669 villam
585 1628 643 1690 pro
657 1609 834 1674 medietate
845 1610 872 1695 j.
890 1612 912 1675 s.

1348 1770 1355 1809 i

991 1980 1106 2046 Fnons
1129 2002 1172 2045 un
1195 1980 1421 2049 MARMIUN.

499 2138 657 2202 Radulfus
671 2141 711 2202 de
728 2139 851 2203 Charlis
867 2147 959 2204 tenet
975 2142 1009 2203 in
1025 2142 1189 2205 dominico
1211 2162 1351 2205 unacum
1373 2141 1481 2205 liberis
1506 2144 1692 2207 tenentibus
1717 2147 1751 2207 et
1778 2142 1952 2229 villenagio

452 2227 489 2288 in
509 2227 665 2294 Sannaus
680 2227 780 2314 iiijmn
796 2237 923 2312 partem
933 2229 961 2311 j.
979 2228 1002 2294 f.

496 2362 663 2428 Johannes
687 2366 729 2429 de
758 2365 935 2449 Hastinges
963 2372 1055 2429 tenet
1084 2367 1200 2432 Larsa
1231 2387 1306 2429 curn
1336 2366 1548 2431 advocacioue
1577 2368 1711 2432 ecclesie
1738 2366 1884 2451 ejusdem
1912 2369 1952 2431 de

451 2449 609 2535 Philippo
623 2452 801 2531 Marmiun,
815 2458 849 2515 et
863 2454 950 2516 idem
965 2451 1139 2536 Philippus
1153 2455 1194 2516 de
1209 2454 1324 2517 abbate
1346 2454 1385 2517 de
1412 2454 1520 2539 Burgo
1544 2454 1655 2519 Sancti
1681 2455 1783 2535 Petri,
1807 2460 1842 2519 et
1866 2455 1951 2519 idem

452 2540 551 2603 abhas
564 2540 605 2603 de
620 2560 695 2625 rege
710 2562 767 2624 pro
782 2540 858 2626 iiij‘·
874 2548 966 2625 parte
983 2541 1004 2622 j.
1020 2541 1045 2605 f.

496 2676 671 2761 Philippus
684 2677 850 2741 Marmiun
866 2682 962 2742 tenet
976 2679 1010 2741 in
1028 2677 1228 2750 Surssrosn
1240 2678 1267 2763 j.
1285 2678 1309 2745 f.
1325 2679 1366 2743 de
1382 2699 1456 2765 rege
1471 2681 1525 2747 i.c.

496 2815 587 2881 Elias
601 2816 641 2880 de
657 2816 822 2881 Hodeston
838 2821 928 2881 tenet
942 2817 976 2880 in
991 2818 1106 2882 eadem
1121 2817 1184 2884 xix.
1201 2822 1327 2901 partem
1339 2818 1367 2903 j.
1384 2818 1408 2886 f.

495 2953 595 3040 Hugo
609 2955 650 3018 de
665 2954 747 3040 Ouly
761 2958 852 3021 tenet
867 2955 904 3021 in
919 2955 1116 3024 Rsnncnrvs
1131 2957 1266 3021 terciam
1284 2958 1411 3040 partem
1423 2954 1451 3040 j.
1468 2957 1491 3023 f.

1016 3298 1130 3363 Frons
1152 3296 1391 3364 WINTONIE.

495 3456 643 3543 Rogerus
672 3407 760 3524 filius
789 3459 909 3546 Rogeri
938 3462 979 3524 de
1008 3460 1207 3545 Trumpeton
1237 3465 1271 3524 et
1303 3460 1398 3526 liberi
1427 3464 1578 3524 tenentes
1607 3480 1683 3523 cum
1714 3458 1887 3544 villenagio
1916 3460 1952 3524 in

452 3547 609 3613 aarum
632 3549 828 3632 respondent
854 3571 912 3633 pro
937 3548 1011 3634 iiije
1028 3555 1120 3632 parte
1141 3550 1169 3634 j.
1186 3551 1209 3615 f.
1235 3571 1374 3614 unacum
1391 3549 1432 3634 vj.
1450 3550 1586 3634 virgatis
1611 3553 1693 3612 terre
1706 3550 1743 3629 in
1758 3548 1947 3628 walacras,

450 3656 531 3719 quas
546 3634 638 3698 Sarlo
653 3637 695 3699 de
708 3637 909 3721 Trumpebon
924 3637 1044 3701 tenuit.

493 3773 640 3860 Rogerus
661 3775 788 3840 Malure
811 3781 903 3840 tenet
930 3778 964 3839 iu
991 3777 1195 3844 Swsuusoau
1222 3796 1360 3839 unacum
1377 3773 1517 3843 Houaou
1533 3773 1573 3839 dc
1588 3774 1760 3840 heredibus
1775 3773 1950 3860 Wyntonie

449 3882 508 3946 pro
521 3862 598 3947 iiijt·
614 3867 707 3946 parte
717 3864 745 3948 j.
762 3863 786 3930 f.
803 3868 838 3929 et
852 3865 954 3928 iidem
969 3862 1104 3929 heredes
1120 3865 1159 3927 de
1174 3884 1250 3949 rege
1264 3866 1318 3929 i.c.

492 3998 611 4064 Petrus
647 4001 734 4064 filius
770 4001 891 4086 Rogeri
928 4006 1019 4066 tenet
1048 4003 1083 4063 in
1112 4001 1313 4069 Cumasnnu
1343 4001 1386 4067 ix,
1418 4001 1561 4086 virgatas
1590 4006 1687 4082 terre,
1718 3993 1877 4064 Ricardus
1910 4001 1951 4067 de

450 4087 647 4152 Danndevill
663 4110 692 4153 r.
709 4091 852 4174 virgatas
866 4095 953 4154 terre
969 4096 1003 4153 et
1024 4087 1052 4172 j.
1068 4090 1296 4153 molendinum
1311 4090 1501 4174 aquaticum
1516 4088 1638 4153 ibidem
1653 4088 1693 4152 de
1719 4088 1885 4154 Willelmo
1909 4089 1950 4153 de

450 4174 606 4240 Ferrariis
620 4197 679 4260 pro
692 4175 738 4241 di.
755 4178 779 4242 f.
795 4198 840 4243 m.
1691 4217 1695 4232 ι

490 4312 662 4398 Remigius
683 4315 723 4378 de
745 4313 931 4398 Meulinges
944 4318 1037 4379 tenet
1050 4316 1086 4377 in
1101 4315 1341 4381 Dsuunruoros
1356 4319 1507 4399 quartam
1522 4317 1649 4397 partem
1661 4313 1687 4399 j.
1704 4313 1727 4382 f.
1744 4314 1783 4379 de
1798 4314 1950 4381 Johaune
1965 4391 1969 4400 q

449 4401 489 4464 de
503 4401 693 4485 Hastiuges,
709 4406 742 4466 et
757 4401 845 4466 idem
860 4399 1027 4466 Johannes
1041 4403 1082 4465 de
1097 4404 1252 4485 predictis
1267 4403 1438 4466 heredibus
1453 4401 1632 4466 Wintcnie.

490 4537 656 4603 Johannes
676 4539 871 4624 Espignrnel
893 4545 985 4604 tenet
1008 4541 1113 4628 xvij⁸¹¹¹
1137 4545 1262 4624 Partem
1289 4539 1317 4624 j.
1341 4541 1364 4606 i.
1388 4541 1423 4603 iu
1453 4539 1692 4607 Danunrucuou
1722 4541 1762 4606 de
1792 4542 1950 4626 predictis

448 4624 620 4690 heredibus
635 4627 812 4694 Wiutonie.

489 4759 609 4825 Editha
625 4760 664 4825 dc
678 4761 788 4849 Estley
802 4768 897 4827 tenet
912 4764 947 4826 in
962 4764 1085 4830 Ernru
1100 4765 1231 4829 nomine
1246 4765 1332 4829 dotis
1348 4768 1497 4849 quartam
1512 4768 1640 4849 partem
1651 4763 1679 4849 j.
1697 4765 1722 4832 i.

924 5053 990 5062 -α-ι
1015 5055 1225 5062 -----.-.—-..
1234 5053 1476 5063 Μ

489 5266 692 5356 ⁰[Johsnnes
708 5269 811 5334 Benet
825 5274 917 5337 tenet
932 5271 966 5334 in
983 5272 1095 5335 eadem
1111 5272 1151 5335 de
1167 5273 1315 5337 Johaune
1332 5274 1372 5337 de
1392 5274 1580 5357 Hastinges,
1606 5277 1641 5336 et
1666 5271 1754 5335 idern
1780 5271 1947 5335 Johannes

446 5355 485 5418 de
499 5356 662 5434 willelmo
678 5357 720 5419 de
734 5356 916 5444 Ferrariis.]
939 5363 972 5422 et
988 5360 1077 5422 idem
1093 5359 1278 5424 Willelmus
1294 5361 1335 5425 de
1350 5383 1425 5446 rege
1448 5359 1516 5448 [ic.
1533 5381 1591 5445 pro
1607 5365 1659 5426 xx·
1673 5364 1765 5444 parte
1774 5361 1803 5444 j.
1821 5357 1880 5446 i.].

491 5492 691 5581 [Wilielmus
706 5495 746 5558 de
762 5494 967 5560 Andeshacre
982 5502 1073 5561 tenet
1088 5499 1124 5561 in
1140 5499 1250 5563 eadem
1268 5504 1416 5583 quartam
1428 5499 1455 5582 j.
1466 5501 1490 5565 f.
1504 5500 1543 5562 de
1559 5499 1684 5562 Thema
1699 5497 1738 5561 de
1754 5494 1945 5582 Camville],

444 5587 476 5643 et
489 5584 574 5647 idem
588 5584 732 5646 Thomas
746 5583 786 5647 de
808 5582 991 5671 [Willelmo
1006 5585 1046 5649 de
1060 5585 1088 5648 F
1089 5589 1227 5665 errariis,
1241 5593 1276 5652 et
1291 5588 1380 5652 idem
1398 5586 1580 5650 Willelmus
1595 5588 1637 5649 de
1653 5583 1761 5672 rege].

489 5717 673 5808 [Johannes
688 5719 727 5783 de
742 5721 829 5785 Ense
844 5725 879 5785 et
890 5721 995 5784 Adam
1010 5723 1051 5785 de
1059 5723 1314 5812 Weudleshergh
1330 5728 1444 5790 tenent
1455 5726 1490 5792 in
1502 5723 1659 5791 Dnsrcou
1674 5722 1714 5786 de
1723 5721 1891 5786 Willelmo
1905 5719 1946 5786 de

442 5807 469 5870 F
469 5807 628 5896 errariis],
643 5812 682 5871 et
696 5807 785 5873 idem
800 5808 986 5874 Willelmus
1002 5809 1043 5872 de
1058 5831 1132 5895 rege
1148 5833 1206 5895 pro
1216 5814 1245 5896 j.
1264 5813 1285 5878 f.

1859 5919 1949 5930 -η

952 5959 1108 6022 *Fragment
1119 5963 1146 6012 ot
1157 5962 1269 6026 original
1281 5962 1443 6026 inquisition.
