5000 7050
528 1099 592 1164 390
1169 1095 1388 1163 NORFOLK.

572 1385 708 1449 Avelina
721 1386 762 1448 de
778 1385 904 1469 Reppes
919 1407 995 1449 cum
1010 1352 1197 1451 tenentibus
1212 1386 1290 1465 suis,
1306 1384 1418 1470 quide
1439 1405 1477 1447 ea
1506 1372 1623 1447 tenent
1644 1383 1680 1445 in
1702 1382 1916 1457 Iusswoaun,
1932 1382 2027 1442 tenet

528 1471 575 1537 di.
589 1472 612 1537 f.
629 1473 714 1559 j.‘m.
731 1473 771 1536 de
786 1476 905 1537 comite
922 1474 1112 1557 Glosemye.

573 1608 733 1673 Dominus
747 1608 909 1675 lohannes
923 1611 963 1673 de
979 1611 1127 1695 Engayn,
1140 1632 1216 1675 oum
1231 1610 1421 1675 tenentibus
1436 1609 1515 1686 suis,
1529 1612 1621 1673 tenet
1634 1608 1671 1671 in
1686 1606 1878 1673 Bnromuo
1894 1604 1922 1687 j.
1939 1604 1962 1667 f.
1979 1624 2023 1667 m.

529 1697 564 1760 in
579 1697 741 1761 dominico
755 1702 789 1761 et
803 1699 938 1762 servicio
953 1699 995 1761 de
1011 1701 1160 1783 episcopo
1174 1698 1333 1781 Norwyoi.

572 1834 680 1917 Agnes
694 1835 735 1898 de
750 1834 966 1915 Baldeswelle,
981 1836 1163 1900 Willelmus
1175 1836 1218 1900 'de
1234 1834 1344 1919 Thorp
1359 1850 1393 1900 et
1408 1834 1565 1899 Ricardus
1579 1833 1621 1897 de
1635 1831 1812 1914 Skegeton,
1839 1830 1896 1916 qui
1921 1828 2026 1912 plures

528 1918 648 1984 habent
672 1926 822 1986 tenentes
846 1943 930 2001 suos,
957 1928 1069 1987 tenent
1095 1926 1130 1987 in
1155 1924 1292 1991 Bonous
1317 1924 1352 1986 in
1382 1923 1546 1986 dominico
1570 1927 1605 1986 et
1631 1919 1767 1983 servicio
1793 1918 1839 1985 di.
1868 1918 1890 1981 f.
1915 1936 1959 1980 m.
1983 1916 2023 1978 de

528 2007 720 2073 tenentibus
734 2011 873 2075 manerii
889 2011 929 2074 de
945 2009 1146 2081 Paneworth.

572 2146 755 2212 willelmus
778 2148 947 2233 Hauteyn,
974 2151 1031 2235 qui
1054 2150 1161 2233 plures
1176 2149 1277 2213 habet
1291 2146 1442 2213 tenentes
1458 2169 1532 2212 suos
1546 2149 1581 2211 in
1598 2148 1780 2225 Oxnnsnrs,
1800 2146 1975 2215 Sunosson
1990 2147 2026 2206 st

528 2232 729 2315 Tomeros,
746 2241 841 2301 tenet
856 2258 958 2337 unum
974 2238 1175 2322 quarterium
1190 2236 1213 2301 f.
1230 2257 1274 2303 m.
1290 2238 1331 2301 de
1346 2238 1466 2301 comite
1481 2236 1664 2299 Heriordie.

529 2371 734 2521 GlHenrious
757 2373 787 2437 le
817 2372 877 2439 Cat
907 2379 999 2439 tenet
1028 2376 1061 2438 in
1088 2375 1302 2441 ansueusn
1333 2378 1480 2439 octavam
1510 2378 1633 2457 partem
1659 2372 1687 2456 j.
1713 2370 1736 2435 f.
1764 2391 1808 2435 m.
1835 2371 1876 2435 de
1905 2369 2025 2433 comite

574 2479 719 2543 overnys.

571 2596 728 2661 Rioherus
752 2600 792 2661 de
819 2599 962 2663 Londres
989 2605 1082 2665 tenet
1107 2601 1142 2665 in
1167 2601 1281 2664 eadem
1296 2599 1374 2663 villa
1398 2604 1547 2662 octavam
1563 2602 1691 2680 partem
1706 2598 1731 2683 j.
1747 2595 1771 2661 f.
1786 2616 1830 2660 m.
1846 2595 1887 2659 de
1901 2594 2025 2658 Thomu

527 2684 649 2748 Jordan
664 2686 703 2749 de
719 2686 960 2772 Leveringsete‚
976 2689 1033 2772 qui
1048 2694 1139 2753 tenet
1153 2687 1193 2751 de
1208 2688 1328 2751 comite
1342 2686 1534 2771 Glovernye.

571 2822 730 2887 Dominus
758 2826 928 2908 episeopus
956 2824 1177 2909 Norwyoensis
1207 2829 1299 2889 tenet
1320 2826 1355 2887 in
1377 2824 1493 2889 eadem
1522 2823 1601 2886 villa
1622 2823 1663 2887 de
1684 2822 1899 2889 anruesms
1921 2840 2024 2885 unum

526 2910 708 2973 manerium
732 2920 880 2993 spectans
905 2913 947 2977 ad
970 2912 1136 2977 baroniam
1162 2934 1266 2991 suam,
1294 2933 1391 2995 quam
1415 2917 1504 2974 tenet
1519 2909 1559 2974 de
1574 2911 1707 2974 domino
1721 2930 1798 2994 rege
1813 2911 1867 2976 ie.
1883 2913 1928 2973 eet
1945 2914 2024 2994 quot

525 2997 618 3059 feoda
651 2998 704 3060 vel
737 3003 897 3081 quantum
930 2998 1017 3063 feodi
1048 3002 1210 3085 ignorant.
1257 2999 1315 3063 Set
1344 2999 1517 3082 respondet
1546 3019 1586 3061 ex
1614 2997 1680 3062 ulia
1712 3007 1805 3080 parte
1835 2997 1934 3061 rotuli
1968 2995 2025 3059 ubi

526 3082 702 3148 honoratur
716 3106 773 3168 pro
786 3090 858 3150 tota
872 3087 1016 3152 baronis.

574 3220 753 3285 Willelmus
774 3222 816 3285 de
842 3222 1054 3302 Merkeshnle,
1076 3223 1244 3288 lohannes
1276 3220 1347 3312 [de]
1379 3222 1520 3286 Reiham
1546 3226 1581 3285 et
1603 3222 1708 3285 Alieia
1731 3222 1885 3305 Hauteyn
1909 3223 2024 3285 tenent

526 3309 561 3373 in
578 3309 747 3407 Semeros
763 3311 842 3374 duas
857 3316 962 3394 partes
977 3310 1002 3397 j.
1019 3313 1042 3377 l.
1059 3332 1103 3375 m.
1120 3312 1160 3376 de
1174 3313 1295 3376 comite
1310 3311 1497 3375 Glosernie.

570 3445 728 3510 Dominus
756 3448 941 3511 willelmus
964 3450 993 3512 le
1018 3448 1201 3513 Maresohal
1225 3454 1315 3513 tenet
1345 3452 1380 3511 in
1410 3448 1559 3528 Buxrors,
1587 3446 1767 3524 Summos,
1797 3448 2022 3528 anrrronsrs,

526 3533 717 3614 Brilessos,
733 3536 950 3602 Counnsnnns
965 3544 998 3600 et
1013 3538 1174 3605 Batneos
1190 3537 1284 3622 plura
1298 3544 1485 3602 tenemento
1510 3558 1569 3620 per
1594 3537 1770 3599 servicium
1793 3536 1951 3612 militare,
1975 3543 2025 3599 set

526 3621 779 3795 pppgfgpdssyvel
794 3630 953 3710 quantum
968 3625 1056 3690 feodi
1071 3645 1135 3690 non
1151 3630 1282 3689 constat
1295 3625 1336 3689 ed
1351 3644 1495 3708 presens,
1515 3624 1593 3709 quia
1618 3629 1767 3708 spectant
1794 3623 1835 3686 ad
1857 3623 2024 3687 baroniam

569 3847 706 3932 Egidius
720 3849 759 3912 de
774 3849 895 3915 Breuse
909 3854 1003 3915 tenet
1016 3852 1051 3915 in
1069 3851 1232 3914 dominico
1248 3856 1282 3914 et
1297 3850 1432 3914 servicio
1446 3849 1482 3912 in
1498 3850 1652 3928 Humor,
1671 3851 1817 3917 Coresus
1832 3854 1866 3912 et
1888 3848 2024 3915 Ounron

526 3934 619 4016 plura
644 3941 831 4001 tenemento
856 3959 911 4022 per
937 3959 1000 4024 que
1024 3941 1160 4002 servicis
1185 3940 1350 4022 ignorant,
1365 3938 1441 4022 quis
1457 3945 1608 4021 spectant
1622 3938 1664 4001 sd
1678 3939 1860 4001 manerium
1875 3955 1970 4000 suum
1984 3936 2024 3998 de

527 4021 660 4085 Stinton
676 4029 823 4106 spectans
837 4026 878 4089 ad
893 4025 1058 4090 baroniam
1073 4046 1175 4090 suam.

570 4159 692 4222 Dicunt
706 4161 810 4224 eciam
825 4161 982 4245 juratores
997 4163 1093 4247 quod,
1110 4163 1188 4226 licet
1202 4162 1295 4245 plura
1310 4162 1404 4226 feoda
1418 4163 1565 4226 militum
1581 4163 1631 4226 vel
1646 4163 1756 4240 altera,
1767 4183 1863 4247 quam
1878 4162 2025 4245 superius

525 4248 707 4326 nominant,
724 4249 790 4311 sint
805 4248 840 4309 in
855 4249 999 4331 predicto
1013 4249 1192 4329 hundredo,
1209 4251 1250 4314 ad
1275 4271 1408 4333 presens
1422 4256 1532 4315 tamen
1549 4251 1694 4314 invenire
1708 4270 1772 4314 non
1787 4257 1921 4334 possunt
1936 4256 1980 4329 et,
1995 4250 2023 4312 si

525 4335 608 4400 forte
622 4333 717 4421 plura
730 4335 925 4417 invenerint,
942 4355 981 4400 ea
994 4338 1235 4420 presentabunt.

994 4741 1214 4814 Huunnsnun
1237 4767 1282 4812 nn
1304 4745 1550 4812 MITFORDE.

571 4909 591 4977 J
595 4918 737 4977 uratores
745 4910 801 4977 -J
804 4912 945 4977 ohannes
961 4913 1001 4977 de
1016 4914 1195 4998 Calveleye‚
1204 4913 1364 4976 Robertus
1378 4912 1419 4976 de
1432 4912 1606 4990 Thurston,
1615 4909 1780 4975 Johannes
1794 4911 1835 4974 de
1848 4909 2026 4988 Thurston,

528 5001 710 5064 Willelmus
725 5002 766 5065 de
782 5002 956 5080 Thurston,
973 5001 1159 5065 Willelmus
1174 5006 1244 5064 stte
1260 5001 1348 5084 Heg,
1362 4999 1524 5063 Walterus
1539 5001 1579 5062 de
1593 4999 1789 5081 Assenhaye,
1813 4997 1969 5061 Ricardus
1983 4998 2025 5061 de

527 5089 727 5166 Manteston,
741 5088 901 5154 Henrious
917 5089 1055 5168 Gilbert,
1070 5089 1169 5171 Hugo
1184 5087 1397 5170 Spendelove‚
1412 5087 1570 5150 Henricus
1585 5087 1625 5150 de
1639 5086 1833 5163 Gemeston,
1854 5086 1968 5150 Petrus
1982 5086 2024 5149 ad

527 5175 716 5256 Ecclesiam,
731 5175 888 5240 Ricardus
903 5177 942 5239 de
957 5177 1056 5260 Virly.
1103 5176 1165 5250 Qui
1181 5176 1296 5239 dieunt
1312 5195 1405 5258 super
1420 5180 1657 5239 sacramentum
1672 5171 1730 5238 &a

571 5337 729 5402 Dominus
744 5341 913 5424 episeopus
929 5338 1071 5402 Eliensis
1087 5343 1181 5401 tenet
1195 5339 1376 5402 manerium
1391 5337 1432 5400 de
1450 5337 1673 5405 Somnum
1689 5357 1764 5400 cum
1785 5333 1956 5400 hundredo
1983 5335 2025 5400 de

526 5425 744 5577 ἓξὲξ
767 5428 946 5492 manerium
972 5427 1013 5489 de
1040 5426 1186 5492 Dnannu
1212 5426 1251 5489 de
1275 5426 1406 5489 domino
1430 5446 1505 5509 rege
1530 5427 1582 5489 i..c
1599 5426 1633 5488 in
1657 5443 1771 5508 puram
1787 5428 1822 5488 et
1835 5427 2025 5507 perpetuam

572 5651 730 5715 Dominus
746 5651 843 5735 Hugo
859 5650 993 5714 Bardolf
1005 5653 1097 5714 tenet
1112 5651 1293 5715 manerium
1308 5650 1349 5715 de
1365 5651 1595 5733 Qumnsnass,
1622 5648 1708 5735 quod
1723 5655 1773 5713 est
1787 5647 1969 5714 membrum
1984 5648 2025 5712 de
2111 5703 2118 5716 .

527 5739 739 5806 Wrausourn
754 5737 795 5801 de
809 5736 939 5801 domino
953 5758 1036 5822 rege.

571 5877 729 5941 Dominus
743 5875 928 5940 Willelmus
943 5876 973 5940 le
988 5875 1168 5941 Maresohsl
1183 5882 1279 5942 tenet
1292 5878 1473 5942 manerium
1488 5877 1527 5940 de
1542 5876 1724 5946 Homms
1739 5874 1781 5939 de
1796 5873 1928 5939 domino
1949 5895 2026 5961 rege

527 5965 578 6032 io.
593 5984 648 6047 per
662 5961 838 6042 baroniam,
853 5969 888 6026 et
902 5970 953 6028 est
966 5964 1105 6047 ospitale
1119 5967 1300 6030 manerium
1315 5966 1355 6030 de
1370 5965 1505 6031 baronia
1517 5964 1559 6028 de
1573 5963 1634 6048 Ry.
