5000 7050
1077 1072 1158 1137 Al).
1183 1076 1277 1137 1428.
1868 1066 1928 1130 121

464 1360 516 1423 Dc
541 1361 668 1424 Thoma
692 1361 879 1427 Beaumond
906 1385 963 1445 pro
988 1367 1105 1447 quarta
1131 1370 1224 1447 parte
1250 1384 1305 1425 un.
1322 1363 1346 1428 i.
1364 1382 1407 1425 m.
1423 1380 1522 1444 quam
1536 1364 1630 1423 tenet
1645 1358 1680 1422 in
1695 1357 1878 1423 Houxanou
1896 1360 1929 1417 et
2018 1384 2025 1401 ι

422 1447 543 1526 Corsa
559 1456 594 1511 et
609 1470 706 1533 quam
721 1449 887 1514 Jobannes
902 1450 1047 1514 Poutrell
1062 1453 1223 1534 quondam
1238 1452 1347 1514 tenuit
1362 1449 1497 1526 ibidem,
1510 1453 1573 1512 etc.
1625 1444 1826 1521 Subsidium,
1838 1445 1927 1508 xxd.

466 1582 516 1646 De
540 1584 689 1649 Galfrido
712 1586 859 1650 Poutrell
886 1608 943 1671 pro
969 1591 1085 1670 quarta
1110 1590 1203 1669 parte
1218 1606 1275 1649 un.
1292 1586 1315 1651 f.
1332 1605 1377 1649 m.
1394 1603 1493 1667 quam
1509 1585 1600 1647 tenet
1616 1582 1650 1643 in
1666 1580 1880 1657 Pansswonn,
1897 1582 1931 1639 et

423 1690 521 1753 quam
539 1672 701 1735 Henricus
715 1672 832 1757 Nevyll
847 1676 1010 1761 quondam
1024 1678 1133 1739 tenuit
1148 1673 1279 1751 ibidem,
1296 1680 1360 1735 eto.
1406 1670 1606 1747 Subsidium,
1622 1669 1709 1733 xxcl.

468 1808 517 1872 De
532 1808 698 1874 Willelmo
712 1811 838 1895 Malory
852 1834 910 1895 pro
924 1817 1038 1898 quarta
1054 1818 1147 1896 parte
1162 1833 1217 1875 un.
1233 1811 1255 1874 f.
1272 1831 1316 1875 m.
1333 1830 1429 1894 quam
1446 1814 1538 1872 tenet
1554 1809 1588 1870 in
1608 1807 1764 1884 warnos,
1782 1808 1816 1867 et
1830 1822 1927 1887 quam

426 1894 592 1960 Johannes
607 1897 752 1983 Malorye
766 1901 929 1984 quondam
945 1903 1055 1965 tenuit
1069 1900 1203 1979 ibidem,
1221 1905 1283 1962 eto.
1329 1896 1527 1974 Subsidium,
1545 1916 1596 1959 xx.
1607 1895 1637 1958 d.

470 2033 520 2095 De
534 2034 659 2097 Thomu
673 2035 862 2121 Erdyngton
879 2058 937 2120 pro
949 2039 1127 2101 medietate
1139 2037 1382 2119 un.i.m.quam
1399 2040 1490 2097 tenet
1506 2034 1541 2095 in
1552 2034 1725 2110 Baaouon,
1734 2032 1930 2112 Qunauuou,

425 2121 681 2292 Sitjdvddiffious’
696 2130 731 2186 et
746 2143 843 2206 quam
859 2126 998 2209 Egidius
1012 2125 1205 2209 Erdyngton
1219 2144 1323 2207 nuper
1338 2123 1445 2186 tenuit
1471 2121 1603 2199 ibidem,
1621 2126 1683 2185 etc.
1731 2118 1928 2196 Subsidium,

472 2344 521 2408 Ile
548 2346 721 2432 Radulpbo
748 2348 876 2433 Shirley
901 2371 958 2433 pro
982 2351 1086 2413 tribus
1113 2350 1258 2433 partibus
1285 2347 1470 2411 medietatis
1496 2366 1552 2409 un.
1568 2345 1590 2407 f.
1607 2367 1651 2409 m.
1675 2366 1752 2429 quas
1779 2349 1870 2409 tenet
1896 2344 1930 2405 in

428 2433 603 2510 Basanon,
629 2436 824 2517 Qunauuon,
850 2444 884 2500 et
908 2438 1112 2517 Wonnnous,
1138 2442 1173 2501 et
1196 2458 1275 2521 quas
1300 2432 1492 2517 Radulphus
1516 2433 1628 2496 Basset
1643 2433 1807 2514 quondam
1823 2433 1933 2495 tenuit

425 2520 560 2600 ibidem,
575 2528 637 2586 etc.
683 2522 883 2604 Subsidium,
899 2524 967 2609 ijs.
983 2524 1067 2608 vju.

473 2644 521 2707 Da
547 2647 629 2709 duce
660 2647 833 2712 Norffolcie
864 2670 920 2732 pro
950 2654 1068 2732 quarta
1098 2646 1220 2735 [parte]
1249 2669 1306 2712 un.
1334 2649 1357 2712 f.
1384 2670 1427 2712 m.
1455 2668 1551 2732 quam
1576 2653 1667 2711 tenet
1691 2647 1726 2709 in
1754 2647 1882 2713 annnu
1899 2652 1933 2709 et

428 2732 625 2884 ΞΧΗῗίΒΝΕΒΥ,
639 2741 674 2797 et
688 2755 786 2819 quam
801 2734 967 2800 lohannes
983 2737 1123 2822 Segrave
1145 2737 1309 2819 quondam
1331 2738 1440 2799 tenuit
1465 2736 1599 2812 ibidem,
1625 2742 1687 2799 etc.
1732 2732 1933 2810 Subsidium,

473 2932 521 2995 De
535 2933 682 2999 Johanne
697 2936 794 3004 Ware
808 2956 865 3019 pro
880 2937 981 3000 tercia
997 2943 1086 3020 parte
1101 2956 1157 2999 un.
1173 2936 1196 3001 f.
1209 2957 1253 3001 m.
1265 2956 1363 3021 quam
1380 2942 1469 2999 tenet
1483 2937 1518 2998 in
1536 2926 1771 3011 Tubauasnou,
1787 2940 1821 2997 et
1835 2954 1933 3019 quam

426 3019 616 3085 Willelmus
630 3022 662 3086 le
677 3024 773 3086 Ware
788 3025 951 3107 qnondam
967 3026 1074 3088 tenuit
1089 3024 1222 3103 ibidem,
1234 3031 1297 3087 etc.
1343 3023 1544 3099 Subsidium,
1559 3023 1626 3105 ijs.
1643 3022 1715 3106 ijs.
1732 3024 1778 3087 ob.
1796 3038 1845 3106 qt.

472 3157 521 3221 De
536 3158 679 3223 Roberto
696 3160 851 3224 Holewell
867 3183 925 3245 pro
940 3167 1056 3245 quarta
1072 3167 1162 3245 parte
1177 3181 1232 3226 un.
1245 3161 1268 3226 f.
1279 3182 1323 3225 m.
1334 3182 1433 3244 quam
1448 3166 1538 3224 tenet
1552 3162 1587 3223 in
1600 3160 1753 3226 Assnusx
1768 3160 1934 3235 Fonvxnn,

422 3254 462 3310 et
476 3267 574 3329 qnam
589 3246 755 3312 Johsnnes
770 3249 929 3312 Holewell
945 3251 1109 3333 quondam
1124 3252 1236 3313 tenuit
1250 3249 1386 3327 ibidem,
1402 3255 1463 3313 eto.
1510 3247 1709 3325 Subsidium,
1724 3248 1814 3311 xxd.

475 3383 527 3447 De
554 3386 660 3467 priore
685 3385 727 3449 de
754 3385 911 3451 Coventre
937 3408 995 3470 pro
1018 3408 1072 3452 un.
1089 3388 1112 3452 f.
1127 3408 1170 3451 m.
1187 3388 1273 3471 quod
1300 3392 1392 3450 tenet
1417 3387 1452 3449 in
1480 3387 1677 3451 Paxxucnou
1704 3390 1737 3449 et
1755 3384 1934 3463 Suxnsnou,

422 3491 493 3536 non
509 3473 715 3556 respondent,
726 3495 764 3538 eo
774 3474 860 3559 quod
873 3476 970 3539 solvit
981 3475 1123 3539 decimas
1135 3474 1267 3539 domino
1277 3476 1346 3560 regi
1362 3494 1419 3558 pro
1434 3473 1664 3557 temporalibus
1680 3474 1745 3536 suis
1760 3474 1794 3536 in
1812 3471 1931 3537 eisdem

422 3559 527 3639 villis,
544 3561 673 3643 quando
688 3563 816 3626 decime
830 3584 850 3625 a
864 3563 948 3626 clero
962 3563 1194 3644 conceduntur,
1211 3565 1297 3625 sicut
1309 3573 1370 3626 etc.
1417 3561 1615 3637 Subsidium,
1629 3561 1723 3624 nihil.

471 3689 522 3760 De
536 3697 651 3762 abbate
667 3699 707 3762 de
725 3699 817 3763 Mera
832 3700 925 3762 Valle
940 3720 997 3782 pro
1012 3700 1190 3763 medietate
1205 3720 1261 3764 un.
1278 3699 1301 3764 t.
1317 3721 1360 3764 m.
1385 3720 1483 3783 quam
1508 3705 1600 3761 tenet
1622 3699 1659 3760 in
1684 3697 1933 3765 saansaan-am

422 3805 494 3849 non
509 3787 704 3869 respondent
720 3807 758 3850 eo
773 3788 859 3870 quod
876 3788 974 3852 solvit
988 3788 1142 3866 decimas,
1157 3789 1254 3865 sicut,
1267 3793 1329 3852 etc.
1374 3785 1574 3862 Subsidium,
1589 3785 1683 3849 nihil.

472 3921 524 3983 De
538 3923 686 4004 priorissa
699 3923 741 3986 de
755 3921 876 3987 Gracia
889 3923 951 3987 Dei
968 3945 1026 4008 pro
1054 3929 1170 4006 quarta
1195 3929 1289 4006 parte
1316 3943 1371 3988 un.
1387 3923 1410 3988 f.
1426 3944 1469 3988 m.
1482 3891 1584 4006 'quam
1608 3926 1699 3986 tenet
1723 3924 1757 3998 in
1784 3924 1933 4000 Batnon,

423 4009 611 4087 warrior,
642 4017 677 4073 et
706 4011 925 4089 stawoann,
962 4031 1028 4074 uon
1064 4012 1273 4095 respondent,
1308 4011 1385 4094 quia
1423 4011 1519 4074 solvit
1556 4011 1707 4090 decimas,
1738 4012 1834 4090 sicut,
1872 4019 1934 4076 eto.

426 4096 634 4177 Subsidium,
649 4098 743 4162 nihil.
774 4149 778 4153 .

472 4224 523 4287 De
549 4225 653 4307 priore
673 4224 715 4288 da
730 4225 862 4290 Grande
878 4227 996 4291 Monte
1011 4249 1069 4311 pro
1084 4228 1263 4291 medietate
1277 4248 1331 4292 un.
1348 4227 1370 4292 f.
1385 4249 1430 4291 m.
1446 4247 1545 4311 quam
1559 4231 1650 4291 tenet
1664 4228 1697 4290 in
1714 4227 1934 4294 Wuasaanon

424 4332 496 4375 non
512 4312 718 4395 respondent,
733 4316 809 4397 quia
825 4315 922 4379 solvit
936 4315 1088 4393 decimas,
1104 4316 1201 4393 sicut,
1216 4320 1279 4380 etc.
1326 4315 1526 4392 Subsidium,
1540 4311 1633 4378 nibil.

472 4449 523 4512 De
538 4449 655 4513 abbate
670 4450 858 4534 Leycestrie
874 4474 932 4536 pro
945 4453 1047 4516 tercia
1064 4457 1154 4536 parte
1170 4474 1224 4518 un.
1241 4454 1263 4518 f.
1280 4474 1322 4518 m.
1340 4473 1437 4537 quam
1465 4457 1556 4516 tenet
1580 4454 1614 4515 in
1642 4453 1843 4518 Loxxrtonou
1869 4474 1935 4518 non

426 4537 638 4620 respondent,
655 4540 732 4621 quia
748 4540 845 4603 solvit
859 4540 1011 4620 decimas,
1027 4543 1120 4617 sicut,
1136 4548 1198 4606 etc.
1243 4541 1444 4620 Subsidium,
1460 4541 1554 4604 nibil.

474 4663 526 4725 De
562 4663 679 4727 abbate
715 4664 756 4728 de
792 4664 885 4729 Bello
921 4666 1034 4751 Capite
1071 4688 1129 4752 pro
1164 4675 1280 4753 quarta
1317 4675 1407 4750 parte
1445 4687 1499 4731 un.
1524 4667 1547 4731 f.
1574 4687 1617 4732 m.
1644 4688 1741 4751 quam
1779 4671 1871 4730 tenet
1898 4667 1933 4730 in

426 4751 722 4901 {lillpppuunnsuonn
737 4772 801 4816 non
816 4756 1021 4837 respondent,
1036 4777 1073 4819 eo
1095 4757 1179 4839 quod
1205 4756 1303 4818 solvit
1329 4755 1480 4832 decimas,
1506 4755 1602 4832 sicut,
1626 4767 1687 4820 etc.
1736 4755 1936 4833 Subsidium,

474 4949 524 5014 De
548 4951 664 5014 abbate
690 4951 731 5014 de
756 4950 929 5017 Gerendon
955 4931 1012 5039 pro
1027 4964 1143 5039 quarta
1158 4961 1250 5038 parte
1267 4976 1321 5019 un.
1338 4956 1360 5020 f.
1377 4977 1420 5020 m.
1436 4977 1534 5039 quam
1550 4958 1640 5018 tenet
1654 4955 1689 5017 in
1704 4955 1853 5034 Buasou,
1869 4977 1933 5020 non

426 5037 638 5121 respondent,
651 5059 689 5102 eo
704 5039 791 5121 quod
806 5041 903 5104 solvit
917 5042 1069 5122 decimas,
1083 5047 1145 5107 eto.
1191 5043 1391 5121 Subsidium,
1406 5043 1500 5107 nibil.

475 5174 526 5239 De
549 5177 653 5258 priore
678 5175 790 5239 Sancti
804 5175 962 5242 Johannis
976 5178 1158 5244 Jerusalem
1173 5182 1209 5242 in
1224 5180 1344 5265 Anglia
1359 5201 1415 5262 pro
1430 5187 1545 5265 quarta
1560 5185 1651 5263 parte
1667 5201 1720 5244 un.
1738 5179 1760 5244 t.
1777 5183 1820 5244 in.
1837 5201 1935 5262 quam

428 5268 524 5328 tenet
538 5265 573 5326 in
588 5264 776 5330 Bmuuoun
790 5287 854 5328 non
869 5269 1065 5350 respondent
1080 5268 1246 5351 perbreve
1262 5270 1345 5351 regis
1360 5268 1490 5332 Henrici
1506 5270 1589 5332 sexti
1615 5269 1655 5332 de
1682 5287 1800 5351 magno
1825 5269 1934 5350 sigillo

428 5372 501 5428 suo,
514 5351 630 5413 datum
644 5351 718 5436 viij⁰
735 5353 788 5414 die
803 5352 993 5417 Novembris
1008 5375 1092 5417 anno
1108 5358 1199 5436 regni
1215 5356 1265 5418 sui
1278 5356 1373 5441 vijm0,
1387 5354 1585 5420 thesaurario
1599 5361 1634 5418 et
1648 5353 1821 5418 baronibus
1835 5354 1933 5438 hujus

428 5440 582 5502 scaccarii
597 5439 767 5517 directum,
781 5440 990 5506 irrotulatum
1005 5445 1038 5504 in
1064 5444 1281 5506 memorandis
1306 5447 1391 5506 inter
1418 5444 1526 5507 brevia
1553 5444 1676 5506 directa
1698 5442 1871 5505 baronibus
1896 5443 1936 5506 de

430 5528 573 5589 termino
588 5525 700 5590 Sancti
716 5528 885 5591 Michaelis
900 5529 988 5592 dioto
1003 5551 1088 5593 anno
1099 5529 1160 5614 vij⁰
1180 5531 1286 5594 rotulo
1301 5531 1387 5617 xiiij⁰
1410 5551 1448 5593 ex
1463 5537 1555 5615 parte
1570 5530 1827 5594 rememoraboris
1841 5530 1937 5614 regis.

430 5613 637 5690 Subsidium,
652 5621 830 5678 onerantur
844 5636 940 5698 super
953 5626 1141 5701 compotum
1157 5619 1200 5681 de
1213 5640 1264 5684 xx.
1274 5621 1305 5684 d.

475 5750 524 5812 De
550 5751 726 5839 medietate
751 5771 806 5817 un.
822 5752 844 5817 f.
860 5773 904 5818 m.
928 5774 1026 5836 qnam
1052 5754 1212 5837 predictus
1238 5758 1324 5839 prior
1355 5755 1465 5820 Sancti
1495 5753 1654 5819 Johanuis
1684 5753 1865 5817 Jerusalem
1897 5754 1933 5816 in

428 5839 552 5924 Anglia
587 5843 681 5902 tenet
716 5841 751 5902 in
787 5841 901 5906 Dxnnx
930 5851 966 5904 et
996 5842 1148 5920 Ssxmsr,
1179 5865 1244 5906 non
1281 5843 1477 5926 respondent
1515 5862 1572 5927 per
1609 5841 1705 5904 breve
1741 5840 1935 5923 predictum.

431 5925 636 6007 Subsidium,
651 5935 826 5992 onerantur
840 5949 935 6013 super
948 5937 1137 6014 compotum
1152 5931 1193 5996 de
1208 5930 1288 6017 iija.
1304 5931 1403 6017 iiija.
