5000 7050
1123 1056 1207 1124 A.D.
1234 1060 1328 1124 1428.

872 1349 987 1415 Faonr
1009 1345 1215 1414 EPISCOPI
1238 1343 1574 1412 DUNOLMENSIS.

514 1524 560 1586 De
574 1522 684 1605 aliquo
697 1519 887 1607 hujusmodi
902 1524 1046 1588 subsidio
1060 1526 1136 1611 iiij‘0
1158 1528 1260 1609 partis
1276 1545 1331 1589 un.
1349 1527 1369 1587 f.
1387 1525 1432 1586 in’
1445 1526 1659 1599 Ksnrrrerorr,
1686 1545 1783 1607 quam
1809 1525 1973 1592 Johannes

470 1612 597 1675 Bradon
623 1610 786 1696 quondam
812 1613 930 1691 tenuit,
957 1633 1020 1674 non
1048 1615 1254 1697 respondent,
1280 1634 1318 1676 eo
1343 1613 1427 1696 quod
1457 1612 1615 1674 dividitur
1645 1613 1731 1674 inter
1757 1615 1908 1677 abbatem
1934 1617 1975 1678 de

470 1696 688 1782 Alvyngbam‚
703 1698 853 1761 abbatem
869 1700 910 1762 de
926 1698 1026 1763 Parco
1042 1701 1145 1779 Lude,
1162 1706 1196 1764 et
1211 1701 1380 1764 dominum
1403 1701 1444 1763 de
1459 1699 1639 1782 Willngby‚
1666 1705 1701 1762 et
1727 1703 1836 1765 nullus
1862 1722 1973 1767 eorum

470 1788 569 1851 habet
584 1792 735 1872 quartam
751 1793 890 1870 partem,
905 1789 990 1850 sicut
1005 1790 1191 1851 continetur
1206 1794 1267 1852 etc.
1313 1786 1437 1866 Nichil,
1455 1789 1532 1872 quia
1547 1792 1660 1848 eontra
1675 1791 1736 1852 eto.

514 1925 564 1990 De
588 1925 694 2008 priore
719 1923 760 1987 de
776 1923 982 2010 Alvyngham
998 1946 1057 2008 pro
1072 1925 1117 1988 di.
1133 1927 1157 1992 f.
1173 1927 1208 1988 in
1225 1925 1382 2009 predictis
1397 1923 1556 2009 partibus,
1571 1923 1657 2009 quod
1672 1924 1909 2008 predecessores
1925 1931 1975 1993 sui

472 2011 853 2187 ἓῗοέιάἓῑὲὶοηυθτυηῐ.
897 2013 1020 2090 Nichil,
1050 2016 1126 2099 quia
1139 2039 1142 2044 ·
1155 2013 1348 2077 decimabile
1383 2009 1587 2099 [cancellat]
1634 2011 1912 2096 Superonerantur
1935 2018 1976 2081 de

515 2238 565 2341 lle
589 2236 771 2389 abtlratetpe
786 2237 991 2320 Kyrlrestede
1005 2260 1063 2322 pro
1078 2239 1120 2304 lx.
1136 2244 1229 2323 parte
1245 2239 1382 2324 predicti
1398 2238 1421 2304 f.
1438 2244 1531 2301 noco·
1550 2241 1642 2322 parte
1666 2243 1809 2322 excepta.
1854 2240 1975 2320 Nichil,

473 2347 550 2412 qma
564 2345 624 2389 con
641 2347 709 2389 rae
747 2375 754 2391 .

517 2457 566 2521 De
601 2459 707 2540 priore
744 2454 786 2518 de
822 2455 1028 2540 Alvyngham
1066 2475 1124 2539 pro
1154 2455 1198 2520 di.
1228 2456 1252 2520 f.
1282 2455 1419 2539 predicti
1452 2455 1476 2518 f.
1520 2454 1644 2532 Nichil,
1673 2457 1750 2542 quia
1786 2457 1976 2524 decimabile

481 2541 685 2633 [cacoelted].
732 2541 1009 2626 Superonerantur
1024 2543 1063 2606 de
1079 2543 1162 2628 iij.s.
1179 2542 1281 2628 iiijrl.

518 2682 567 2745 De
593 2680 781 2744 tenentibus
805 2684 963 2743 terrarum
988 2680 1113 2744 domini
1135 2682 1222 2764 regis
1246 2680 1367 2744 ibidem
1391 2700 1450 2762 pro
1476 2679 1581 2765 xxxij·
1603 2684 1692 2764 parte
1715 2681 1854 2764 predicti
1878 2684 1975 2752 leodi.

474 2769 595 2849 Nichil,
611 2770 687 2855 quia
701 2777 812 2831 contra
827 2774 889 2832 etc.

519 2908 567 2972 De
592 2907 734 2971 Henrico
759 2904 934 2983 Mounflet,
957 2905 1077 2983 milite,
1101 2926 1160 2989 pro
1176 2926 1231 2970 nn.
1247 2907 1271 2970 f.
1286 2907 1380 2970 min
1395 2906 1574 2972 Fonnarar
1595 2903 1671 2992 [di]
1693 2906 1716 2972 f.
1731 2913 1875 2992 excepto,
1890 2910 1977 2995 quod

474 2994 640 3063 Johannes
656 2993 841 3079 Wylughby
856 2994 1018 3079 quondam
1034 2997 1141 3056 tenuit
1166 3033 1685 3046 ------
1774 2997 1859 3082 iij.s.
1875 2999 1976 3084 iiijd.

518 3135 567 3197 De
583 3133 691 3217 aliquo
707 3129 897 3216 hujusmodi
912 3131 1056 3195 subsidio
1072 3131 1211 3214 predicti
1225 3132 1271 3196 di.
1289 3132 1312 3196 f.
1328 3132 1362 3194 in
1377 3131 1556 3196 Fonnnrnr
1577 3129 1627 3217 [et
1650 3130 1864 3218 Oxac]orran,
1891 3138 1977 3221 quod

474 3222 641 3306 predictus
656 3219 677 3283 J
678 3220 820 3282 ohannes
835 3217 1021 3302 Wylughby
1035 3219 1198 3304 quondam
1215 3220 1334 3298 tenuit,
1348 3240 1412 3282 non
1429 3218 1624 3302 respondent
1639 3240 1678 3283 eo
1693 3221 1778 3305 quod
1793 3223 1979 3288 collectores

466 3307 798 3483 ἓιΙιΙΞυιίιῗῇειέὴείἀίυω
813 3307 891 3369 inde
906 3306 1092 3370 levaverunt
1108 3313 1170 3372 etc.
1193 3304 1396 3393 [cancellat]
1429 3307 1611 3370 Onerantur
1627 3327 1721 3390 super
1735 3317 1920 3393 compotum
1936 3313 1977 3376 de
2070 3391 2072 3396 Ι

520 3535 568 3598 De
583 3531 754 3616 Hospitale
769 3533 984 3615 Leprosorum
999 3536 1088 3595 extra
1105 3532 1306 3595 lincolniam
1322 3553 1378 3615 pro
1393 3533 1471 3617 iiiii*
1490 3538 1582 3615 parte
1597 3532 1684 3598 uni.
1694 3533 1729 3595 in
1746 3534 1866 3597 eisdem
1881 3538 1976 3607 villis.

476 3622 597 3698 Nichil,
613 3624 689 3706 quia
704 3620 896 3683 decimabile
918 3616 1122 3705 [cancellat]
1170 3619 1351 3682 Onerantur
1367 3641 1460 3703 super
1476 3624 1663 3703 compotum
1679 3620 1718 3683 dc
1732 3623 1821 3687 rad.

520 3756 570 3819 De
607 3757 711 3839 priore
747 3754 787 3817 de
824 3753 1009 3838 Bolyngton
1048 3775 1104 3838 pro
1141 3754 1218 3840 iiijt·
1253 3760 1346 3839 parte
1376 3775 1430 3819 un.
1461 3754 1486 3819 f.
1517 3756 1552 3817 in
1582 3755 1734 3838 predictis
1756 3756 1854 3835 villis,
1878 3779 1974 3842 quam

474 3845 711 3930 predecessores
759 3842 808 3904 sui
853 3843 1016 3926 quondam
1064 3842 1184 3908 tenuit.
1250 3840 1372 3920 Nichil,
1419 3841 1495 3927 quia
1531 3842 1723 3906 decimabile
1768 3840 1971 3932 [corrected]

478 3934 752 4016 Superonerantur
767 3929 808 3992 de
824 3931 914 3995 xnd.
1624 3929 1626 3933 ’

520 4070 570 4132 De
606 4068 721 4131 abbate
758 4067 799 4130 de
835 4065 1040 4150 Kyrkestede
1074 4087 1132 4150 pro
1168 4068 1246 4153 fiil‘*
1276 4072 1370 4150 parte
1405 4086 1460 4131 un.
1492 4068 1516 4131 f.
1546 4068 1581 4129 in
1609 4066 1729 4131 eisdem
1756 4068 1853 4146 villis,
1878 4092 1974 4155 quam

478 4158 710 4243 predecessores
747 4155 798 4216 sui
834 4155 996 4239 quondam
1034 4159 1219 4220 tenuerunt.
1276 4154 1398 4229 Nichil,
1434 4175 1529 4218 causa
1565 4155 1726 4217 consimili
1770 4153 1973 4245 [cancellat]

479 4246 758 4330 Superonerantur
772 4241 811 4303 de
827 4242 919 4307 xnd.

520 4383 569 4446 De
592 4383 697 4466 priore
723 4378 840 4443 Sancte
863 4378 1022 4443 Katerine
1048 4385 1140 4442 extra
1163 4379 1369 4443 Lincolniam
1392 4400 1449 4463 pro
1472 4380 1535 4464 iiij.
1552 4384 1644 4462 parte
1659 4380 1703 4446 di.
1721 4381 1743 4445 f.
1759 4382 1795 4444 in
1818 4383 1972 4466 predictis

478 4471 573 4537 villis.
617 4465 740 4545 Nichil,
754 4487 851 4531 causa
865 4467 1026 4530 consimili
1047 4464 1250 4554 [canceltedj.
1297 4466 1575 4551 Superonerantur
1588 4468 1629 4530 de
1647 4469 1736 4533 rx.d.

522 4608 572 4671 De
587 4605 777 4670 tenentibus
791 4609 948 4668 terrarum
965 4603 1128 4689 quondam
1143 4604 1293 4688 Hugonis
1309 4605 1422 4688 Crescy
1438 4625 1497 4689 pro
1511 4605 1555 4669 di.
1570 4603 1593 4669 f.
1609 4606 1642 4667 in
1658 4605 1802 4685 Asraar,
1816 4608 1978 4691 quondam

479 4697 560 4760 dicti
578 4694 725 4779 lingonis
770 4727 1691 4744 ----------
1779 4692 1861 4779 iiis.
1876 4696 1977 4783 iiijs.

398 5038 403 5046 ’
524 5058 573 5121 De
589 5055 720 5120 domino
735 5055 775 5117 de
787 5052 973 5137 Welughby
983 5074 1041 5138 pro
1055 5062 1090 5119 x·
1110 5059 1202 5137 parte
1216 5052 1362 5137 predicte
1378 5054 1421 5118 v‘0
1441 5056 1543 5137 partis
1558 5055 1689 5136 ibidem,
1703 5075 1800 5139 quam
1815 5058 1980 5139 predictus

481 5146 586 5209 Adam
600 5143 765 5230 quondam
778 5142 898 5207 tenuit.
944 5140 1066 5219 Nichil,
1081 5142 1158 5228 qnia
1172 5146 1285 5205 contra
1298 5146 1360 5206 etc.

524 5284 573 5346 De
597 5279 747 5346 Johanne
773 5277 915 5362 Godfrey
941 5282 975 5341 et
1001 5278 1073 5343 aliia
1099 5300 1157 5362 pro
1180 5280 1245 5342 alia
1270 5290 1305 5340 x·
1325 5283 1431 5361 parte,
1456 5299 1554 5364 quam
1576 5278 1662 5342 idem
1688 5278 1793 5342 Adam
1816 5280 1978 5365 quondam

481 5372 600 5437 tenuit.
646 5367 768 5446 Nichil,
782 5372 843 5431 etc.

525 5508 574 5570 De
588 5508 694 5591 priore
710 5506 750 5567 de
766 5503 964 5588 Bollyngton
979 5522 1039 5585 pro
1055 5522 1110 5569 un.
1126 5501 1149 5568 f.
1167 5504 1200 5565 in
1218 5504 1390 5583 Hnnwmr,
1406 5502 1492 5588 quod
1507 5503 1741 5586 predecessores
1757 5504 1806 5565 sui
1818 5503 1980 5587 quondam

484 5600 669 5660 tenuerunt.
715 5592 835 5670 Nichil,
852 5592 927 5675 quia
941 5589 1130 5653 decimabile
1152 5587 1355 5677 [concetled].
1401 5590 1681 5691 Superonerantur
1702 5590 1742 5654 de
1757 5591 1834 5675 via.
1850 5592 1958 5675 viij.d.

528 5732 575 5795 De
587 5731 717 5795 domino
728 5730 767 5792 de
780 5719 966 5791 Cromerrell
977 5748 1033 5810 pro
1045 5727 1109 5812 iiij.
1125 5728 1148 5792 f.
1164 5748 1207 5793 m.
1224 5729 1260 5790 in
1276 5728 1390 5794 Tnonr
1405 5728 1575 5804 limnas,
1589 5732 1623 5790 et
1636 5727 1726 5806 alibi,
1742 5747 1804 5811 que
1818 5726 1840 5790 J
1841 5727 1982 5791 ohannes

484 5821 524 5884 de
546 5818 714 5903 Kyrketon
738 5817 900 5901 quondam
923 5817 1045 5880 tenuit.
1105 5814 1227 5895 Nichil,
1249 5816 1314 5895 bic,
1339 5836 1377 5879 eo
1400 5816 1484 5900 quod
1507 5820 1661 5879 tenentur
1682 5835 1739 5897 per
1764 5814 1925 5877 baroniam
1948 5821 1983 5879 et
2038 5863 2046 5881 ,,

485 5928 549 5971 non
564 5926 621 5991 per
635 5906 808 5969 servicium
823 5902 966 5965 militare
987 5898 1190 5988 [camertes]
1237 5902 1421 5966 Onerantnr
1437 5922 1530 5986 super
1546 5908 1732 5986 compotum
1746 5901 1787 5966 de
1801 5920 1885 5967 ηε.
