5000 7050
1126 1133 1212 1201 AJ).
1238 1139 1334 1202 1428.
1918 1145 1981 1212 579

526 1411 738 1505 [Willelmus]
775 1419 931 1506 Calthorp
960 1424 995 1486 in
1026 1425 1175 1488 custodia
1207 1424 1336 1489 domini
1366 1429 1455 1512 regis
1483 1433 1517 1492 et
1547 1429 1632 1493 inira
1668 1434 1790 1494 etatem
1826 1433 1918 1494 tenet
1946 1430 1982 1493 in

475 1500 645 1568 Bnnnssrr
660 1506 838 1571 inmediate
853 1508 890 1593 ij.
907 1508 931 1576 f.
950 1532 994 1577 m.
1011 1509 1053 1574 de
1066 1511 1162 1575 feodo
1177 1513 1338 1577 Johannis
1358 1515 1523 1596 Warenne,
1537 1518 1668 1581 comitis
1689 1515 1871 1604 [Surreye].

521 1637 612 1701 Idem
630 1641 815 1708 Willelmns
837 1650 932 1710 tenet
959 1649 994 1711 in
1020 1648 1135 1712 eadem
1150 1650 1190 1713 de
1206 1651 1300 1714 terris
1316 1651 1449 1716 Roberti
1465 1650 1573 1717 Crowe
1587 1655 1764 1719 inmediate
1778 1655 1822 1719 di.
1839 1656 1862 1720 f.
1879 1676 1925 1720 m.
1941 1654 1982 1718 de

476 1723 647 1790 heredibus
661 1730 701 1792 de
714 1730 840 1817 Virluy.

519 1863 612 1929 Idem
627 1866 811 1934 willelmus
826 1878 918 1936 tenet
936 1874 972 1936 in
988 1874 1107 1939 Noarsr
1124 1875 1237 1941 Cnarrr
1251 1877 1430 1941 inmediate
1441 1877 1469 1962 j.
1483 1878 1506 1942 i.
1520 1900 1566 1945 m.
1579 1879 1619 1942 de
1635 1879 1754 1943 comite
1769 1878 1981 1944 Gloucestrie.

521 2000 612 2064 Idem
635 2002 819 2070 Willelmus
846 2014 939 2074 tenet
963 2012 997 2074 in
1025 2011 1140 2076 eadem
1167 2020 1202 2076 et
1228 2014 1399 2082 Beneuen
1427 2015 1542 2082 Tuone
1567 2017 1746 2080 inmediate
1768 2017 1813 2082 di.
1830 2017 1853 2082 i.
1870 2037 1916 2082 m.
1941 2017 1981 2080 de

476 2086 608 2153 domino
623 2090 749 2177 Rogero
764 2095 833 2160 filio
848 2096 952 2164 Petri.

518 2227 610 2292 Prior
638 2231 678 2295 de
707 2231 940 2318 Walsyngham
971 2240 1063 2301 tenet
1090 2239 1123 2300 in
1157 2238 1327 2304 Bessum
1358 2239 1542 2304 inmediate
1571 2247 1637 2304 tres
1666 2245 1773 2326 partes
1803 2242 1827 2308 i.
1859 2262 1904 2308 m.
1938 2240 1979 2304 de

475 2313 650 2382 heredibus
664 2318 799 2386 Roberti
814 2321 874 2384 filii
889 2323 1058 2404 Johannis,
1074 2345 1133 2408 pro
1148 2325 1267 2411 quibus
1282 2326 1382 2390 solrit
1396 2327 1550 2394 decimas.

521 2454 628 2519 Abbas
653 2459 692 2521 de
717 2457 821 2543 creyk
847 2466 939 2525 tenet
955 2463 989 2525 in
1007 2463 1126 2529 Noenu
1142 2463 1256 2531 Caura
1272 2464 1451 2528 inmediate
1466 2464 1546 2528 duas
1562 2470 1673 2548 partes
1688 2464 1711 2530 f.
1728 2486 1773 2530 m.
1791 2466 1832 2529 de
1848 2464 1980 2529 domino

476 2539 600 2606 Thema
615 2543 754 2623 Belowe‚
767 2567 825 2630 pro
840 2548 957 2634 quibus
972 2551 1069 2613 solvit
1085 2551 1239 2616 decimas.
1680 2549 1685 2558 ¹

520 2679 613 2743 Idem
628 2682 727 2746 abbas
741 2689 835 2749 tenet
849 2687 883 2750 in
902 2686 1020 2754 Sowrn
1036 2688 1150 2755 Oanis
1163 2688 1343 2752 inmediate
1360 2689 1396 2773 ij.
1414 2690 1436 2754 f.
1452 2711 1497 2755 m.
1515 2690 1556 2752 de
1580 2691 1674 2754 feodo
1698 2691 1739 2754 de
1771 2688 1914 2753 Bodham
1939 2689 1979 2754 de

476 2765 608 2832 domino
623 2790 697 2854 rege
711 2773 765 2836 i.c.
781 2793 839 2856 pro
854 2775 971 2859 quibus
986 2774 1081 2840 solvit
1098 2776 1251 2841 decimas.

476 2991 488 3075 j
517 2904 816 3058 piateripairegina
833 2912 962 2996 Anglie,
976 2919 1070 2977 tenet
1084 2916 1119 2977 in
1134 2915 1246 2978 dotem
1264 2915 1446 2978 manerium
1461 2913 1501 2977 de
1516 2915 1785 2981 anrrnannsnorr
1801 2915 1980 2978 inmediate

493 3040 501 3057 .
532 3015 637 3058 .m.e
691 3018 714 3062 1.

521 3129 644 3194 Dicunt
658 3134 760 3198 eciam
770 3135 933 3218 juratores
947 3136 1086 3220 predicti
1102 3137 1188 3223 quod
1201 3157 1267 3201 non
1283 3144 1360 3201 sunt
1383 3138 1447 3202 alie
1469 3157 1603 3222 persone
1628 3140 1695 3202 sire
1722 3142 1868 3202 tenentes
1895 3140 1981 3202 inira

477 3213 684 3282 hundredum
721 3222 905 3304 predictum
942 3226 1053 3288 seisite
1089 3226 1123 3287 in
1169 3221 1348 3312 [dominico
1385 3245 1443 3289 sno
1480 3222 1672 3312 inmediate]
1715 3234 1755 3289 nt
1793 3227 1832 3289 de
1879 3223 1979 3289 libero

477 3308 672 3386 tenemento,
688 3310 775 3373 unde
789 3310 890 3374 iidem
905 3332 1041 3394 persone
1056 3314 1124 3375 sive
1140 3318 1291 3375 tenentes
1304 3315 1530 3396 possessionati
1549 3315 1704 3390 existunt,
1720 3314 1778 3394 qui
1793 3319 1909 3376 tenent
1923 3335 1980 3394 per

476 3393 642 3541 intrpgrpm
655 3394 788 3460 feodum
804 3398 931 3476 militis,
945 3400 1170 3482 medietatem,
1186 3401 1321 3462 terciam
1344 3400 1396 3462 vel
1420 3407 1569 3484 quartam
1595 3407 1722 3484 partem
1749 3401 1836 3464 feodi
1861 3402 1977 3464 militis

478 3497 532 3541 1nc
545 3501 645 3547 usrve.

519 3616 559 3681 In
595 3620 690 3706 eujus
726 3622 772 3685 rei
809 3624 1035 3687 testimonium
1072 3625 1230 3709 juratores
1260 3623 1400 3707 predicti
1430 3624 1505 3687 huic
1536 3624 1744 3708 inquisicioni
1775 3625 1884 3709 sigilla
1917 3645 1975 3687 sua

476 3713 707 3790 apposuerunt.
752 3707 875 3774 Datum
890 3709 954 3790 die,
969 3711 1040 3775 loco
1055 3723 1091 3774 et
1104 3732 1188 3775 anno
1202 3712 1408 3795 supradictis.

959 4063 1181 4128 Huunuanun
1204 4083 1247 4127 ns
1271 4060 1510 4129 WALSHAM.

524 4223 702 4306 Inquisieic
727 4229 824 4307 capta
848 4223 933 4305 apud
950 4224 1030 4287 Acle
1057 4224 1188 4287 Market
1211 4224 1264 4287 die
1290 4223 1408 4287 illarii·
1433 4222 1580 4306 proximo
1605 4224 1682 4282 ante
1713 4221 1833 4284 festum
1860 4219 1980 4283 Sancte

482 4308 629 4374 Barnabe
654 4311 793 4394 apostoli
819 4330 903 4373 anno
927 4330 962 4374 re
1011 4313 1128 4395 'regis
1153 4312 1287 4377 Henrici
1315 4313 1399 4375 sexti
1422 4318 1495 4393 post
1521 4314 1735 4393 conquestum
1760 4316 1851 4371 sexto
1874 4328 1979 4371 coram

480 4396 636 4461 Nicbolao
652 4397 781 4475 Castell,
798 4396 819 4460 J
820 4396 946 4461 ohanne
962 4332 1112 4482 dndpesby
1127 4406 1160 4461 et
1176 4400 1270 4462 sociis
1285 4400 1351 4462 suis
1365 4396 1589 4461 collectoribus
1604 4395 1741 4459 subsidii
1756 4395 1881 4458 domini
1895 4397 1980 4479 regis

480 4486 515 4548 in
546 4486 706 4547 comitatu
735 4483 904 4547 Norrolkie
934 4488 969 4548 in
1000 4486 1119 4549 ultimo
1147 4486 1363 4569 parliamento
1393 4505 1451 4548 suo
1478 4482 1566 4567 apud
1592 4483 1918 4549 westmonasterium
1944 4484 1981 4546 in

480 4572 644 4657 quindena
673 4572 784 4635 Sancti
816 4571 986 4635 Michaelis
1015 4572 1135 4637 ultimo
1164 4574 1320 4656 preterita
1349 4578 1441 4636 tento
1474 4572 1614 4634 concessi
1652 4589 1709 4652 per
1745 4575 1979 4633 sacramentum

479 4658 638 4723 Johannis
652 4658 760 4743 Pepir,
774 4657 905 4723 Roberti
921 4659 1055 4745 Hendy‚
1069 4660 1090 4723 J
1091 4660 1227 4724 ohannis
1241 4660 1400 4737 Titelove,
1415 4659 1436 4723 J
1438 4657 1576 4722 ohannis
1602 4656 1796 4741 Heylesdcn,
1820 4656 1841 4719 J
1843 4655 1980 4721 ohannis

481 4746 610 4831 Hendy,
643 4746 786 4809 Galfridi
816 4746 930 4822 Eston,
964 4746 1136 4811 Johannis·
1154 4747 1315 4831 Wyeette‚
1353 4746 1487 4811 Roberti
1530 4743 1663 4829 Irynge,
1701 4744 1770 4807 ride
1809 4743 1979 4828 Wryghte‚

479 4835 600 4920 Rogeri
611 4833 749 4912 Millere‚
760 4833 782 4896 J
783 4834 919 4896 ohannis
929 4833 1028 4918 Mayn
1044 4841 1078 4897 et
1090 4833 1311 4899 Bartholomei
1322 4832 1416 4911 Binis,
1426 4834 1484 4916 qui
1498 4832 1612 4895 dicunt
1629 4852 1725 4915 anper
1740 4839 1978 4895 sacramentum

479 4941 575 4985 suum
585 4922 670 5007 quod
683 4941 794 4983 omnes
809 4941 945 5003 persone
954 4922 988 4983 in
999 4924 1064 4984 iata
1074 4923 1288 5006 inquisicione
1299 4923 1469 4985 nominate
1481 4930 1559 4983 sunt
1572 4920 1680 4981 seisite
1697 4925 1731 4981 et
1745 4921 1980 5001 possessionate

479 5015 513 5072 et
541 5029 653 5071 eornm
680 5008 825 5091 quelibet
853 5016 904 5070 est
932 5010 1045 5071 seisita
1074 5015 1108 5072 et
1134 5010 1371 5092 possessiooata
1396 5009 1429 5071 in
1456 5006 1551 5071 terris
1575 5011 1609 5069 et
1632 5006 1828 5070 tenementis
1851 5006 1917 5069 suis
1943 5006 1979 5069 in

479 5096 641 5159 dominico
656 5116 713 5158 suo
728 5104 767 5158 ut
781 5094 821 5158 de
835 5095 935 5157 libero
950 5101 1137 5160 tenemento
1151 5118 1209 5160 suo
1224 5102 1258 5159 et
1275 5103 1386 5160 tenent
1404 5115 1461 5158 seu
1483 5099 1575 5157 tenet
1598 5094 1694 5156 modo
1720 5099 1754 5155 et
1780 5092 1894 5173 torma,
1921 5094 1980 5177 qui

479 5190 659 5267 sequuntur
674 5182 824 5245 videlicet
838 5183 925 5265 quod
937 5206 990 5247 :—

521 5372 613 5435 Prior
637 5371 679 5435 de
702 5370 833 5436 Bieston
857 5376 949 5436 tenet
962 5373 997 5436 in
1022 5373 1257 5440 Rsrrnmnrn
1279 5374 1315 5459 ij.
1333 5377 1441 5459 partes
1462 5370 1489 5455 j.
1505 5369 1530 5437 f.
1546 5392 1592 5435 m.
1608 5368 1649 5432 de
1663 5365 1835 5432 heredibus
1850 5366 1976 5431 domini
2111 5396 2115 5409 ι

478 5460 637 5524 Willelmi
651 5460 692 5523 de
706 5457 912 5538 Mareschall,
926 5480 984 5544 pro
1000 5480 1065 5543 quc
1080 5461 1175 5525 solvit
1191 5463 1345 5528 decimas.

520 5599 684 5663 lohannes
709 5597 794 5681 Bray
807 5603 843 5661 et
865 5603 1014 5663 tenentes
1037 5601 1087 5663 sni
1109 5604 1225 5663 tenent
1240 5601 1375 5666 terciam
1391 5603 1517 5682 partem
1532 5596 1558 5683 j.
1575 5595 1599 5662 f.
1616 5616 1662 5661 m.
1678 5594 1714 5657 in
1728 5592 1976 5671 ersrrsnorr,

478 5688 689 5840 ffispplppr
717 5686 782 5749 init
810 5686 959 5749 Edwardi
990 5686 1151 5771 Gerberge
1180 5688 1361 5752 inmediate
1390 5686 1430 5751 de
1459 5683 1632 5749 heredibus
1661 5681 1787 5746 domini
1817 5679 1977 5747 Willelmi

521 5911 697 5976 Nicholens
710 5908 951 6060 Wychinssham
967 5917 1061 5976 tenet
1077 5914 1260 5978 manerium
1276 5916 1316 5977 de
1331 5914 1445 5980 Uenere
1461 5932 1517 5993 per
1531 5908 1703 6010 seruicium
1728 5903 1774 5970 di.
1790 5906 1813 5971 f.
1830 5926 1876 5970 m.
1894 5906 1979 5991 qnod

478 6021 579 6088 nuper
595 6001 660 6067 fuit
675 5997 834 6065 Johannis
878 6004 988 6062 otcurt
1002 6001 1184 6068 inmediate
1199 6002 1239 6067 de
1254 6001 1428 6069 heredibus
1443 5997 1612 6085 Guydcnrs
1627 5994 1769 6059 Fereres.
