5000 7050
1136 1057 1208 1124 A.D
1244 1061 1340 1125 1428.

977 1346 1173 1412 Dnoanarcs
1195 1367 1238 1411 nn
1263 1345 1500 1413 DEPWADE.

532 1507 708 1589 inquisicio
733 1513 829 1590 capta
854 1510 940 1592 apud
964 1507 1283 1592 LongamStratton
1307 1513 1360 1575 die
1387 1513 1558 1578 Dominica
1589 1521 1735 1600 proxima
1765 1525 1837 1602 post
1866 1520 1988 1584 festum

488 1593 600 1657 Sancti
636 1593 795 1658 Johannis
823 1605 900 1659 ante
928 1594 1061 1658 Portam
1093 1597 1245 1662 Latinam
1275 1619 1359 1662 anno
1389 1605 1481 1685 regni
1511 1605 1599 1687 regis
1630 1605 1768 1669 Henrioi
1798 1609 1883 1670 sexti
1914 1613 1988 1691 post

486 1686 697 1766 conquestum
713 1692 803 1746 sexto
825 1705 931 1745 coram
955 1681 1112 1747 Nicholao
1135 1685 1267 1766 Castell,
1285 1688 1457 1752 Edmundo
1474 1690 1718 1775 Yongbusbond
1743 1702 1777 1757 et
1801 1695 1895 1758 sociis
1922 1697 1987 1760 suis

488 1767 712 1833 collectoribus
726 1769 784 1834 &o
801 1770 854 1854 (aa
869 1771 997 1853 before).

529 1983 569 2048 Iu
584 1984 676 2047 nulla
692 1984 840 2067 parochia
854 1986 894 2048 de
910 1985 1071 2049 Waketon
1087 1987 1207 2050 Minori
1228 1987 1308 2071 (sic)
1333 1991 1494 2054 decanatu
1509 1991 1548 2053 de
1574 1994 1738 2074 Dcpwade
1765 1995 1799 2056 in
1827 1996 1987 2060 comitatu

485 2071 632 2152 predicto
658 2072 808 2135 videlicet
833 2075 868 2135 in
895 2075 1054 2157 parochiis
1080 2074 1119 2137 de
1144 2076 1297 2155 Mauros,
1315 2079 1482 2145 Warrnrou
1498 2079 1638 2158 Minonr,
1667 2082 1786 2148 Saaonr
1814 2082 1918 2148 Pannr
1943 2085 1984 2147 de

486 2156 601 2225 Louna
618 2159 797 2238 Sanarrou,
815 2165 890 2223 sunt
906 2160 1019 2224 decem
1033 2160 1255 2228 inhabitantes
1269 2164 1435 2228 domicilia
1450 2170 1609 2232 tenentes.
1657 2169 1695 2230 ln
1713 2171 1806 2254 cujus
1821 2167 1879 2234 &a

1020 2595 1215 2659 Dncanrrns
1238 2617 1282 2659 nn
1305 2597 1466 2664 BROOK.

531 2780 707 2864 Inquisicio
721 2786 817 2863 capta
829 2781 917 2862 apud
935 2781 1042 2844 Lodue
1057 2783 1111 2846 die
1125 2782 1280 2846 Mercurii
1303 2786 1450 2866 proxima
1471 2789 1546 2849 ante
1562 2786 1682 2850 festum
1701 2787 1813 2851 Sancti
1842 2787 1987 2852 Barnabe

486 2868 624 2951 apostoli
646 2887 731 2931 anno
752 2870 845 2952 regni
868 2870 954 2952 regis
979 2869 1112 2932 Henrioi
1138 2872 1222 2932 sexti
1249 2879 1322 2953 post
1345 2878 1558 2956 conquestum
1581 2881 1672 2936 sexto
1696 2895 1802 2938 coram
1832 2874 1987 2938 Nicholao

487 2955 615 3033 Otr-stell,
633 2955 779 3019 Johauue
795 2954 952 3038 (llypesby
966 2966 1000 3019 ct
1014 2959 1108 3021 sociis
1124 2959 1191 3020 suis
1204 2957 1429 3022 collectoribus
1446 2958 1503 3026 Sic.
1524 2965 1572 3041 (oo
1589 2963 1717 3043 before).

533 3173 574 3236 In
596 3171 687 3235 nulla
708 3169 861 3254 parochia
882 3171 1065 3255 subscripta
1088 3173 1173 3236 infra
1199 3173 1397 3238 decanatum
1420 3175 1461 3237 de
1488 3175 1593 3239 Brook
1619 3177 1795 3241 comitatus
1823 3177 1990 3242 Norfollric

489 3260 643 3323 videlicet
671 3260 705 3321 in
735 3257 895 3342 parochiis
924 3259 965 3324 de
996 3260 1156 3338 Samon,
1188 3260 1395 3340 Ouaroalvn,
1427 3263 1633 3330 Ronnnonan
1658 3263 1797 3344 Mraom,
1828 3265 1987 3345 Suanonn,

490 3348 657 3425 Luaoann,
683 3346 800 3420 Hown,
827 3345 1024 3424 Honcnrou,
1052 3348 1457 3426 numantinorum,
1484 3351 1683 3417 Snornsnanr
1709 3352 1836 3418 Sanora
1860 3353 1984 3430 Maera,

492 3435 611 3500 Sancnr
626 3435 775 3498 Maanmr
797 3434 832 3495 in
847 3433 970 3512 eadem,
995 3434 1113 3510 Scorto,
1130 3435 1333 3513 Krannestai),
1350 3436 1549 3514 Wrnnsran‚
1567 3439 1748 3516 Wrnnnnn
1766 3441 1988 3505 Poaruonoan

492 3522 612 3601 Paravi,
627 3528 704 3585 sunt
718 3521 828 3584 decem
843 3520 1063 3585 inhabitantes
1077 3521 1243 3585 domicilia
1265 3528 1423 3587 tenentes.
1469 3526 1507 3587 In
1523 3527 1616 3611 cujus
1632 3523 1689 3591 liro.

987 3969 1184 4033 Dnoauacus
1207 3990 1251 4033 nn
1274 3968 1496 4035 BLOFELD.

536 4155 711 4237 Inquisicio
740 4157 837 4237 capta
864 4152 951 4237 apud
977 4153 1200 4216 Aclemarkett
1229 4154 1283 4216 die
1314 4154 1432 4217 Martis
1458 4155 1604 4237 proxima
1627 4160 1701 4238 post
1727 4153 1847 4218 festum
1877 4158 1991 4223 Sancti

492 4240 637 4303 Barnabe
659 4242 794 4322 apostoli
821 4261 906 4304 anno
929 4242 1022 4324 regni
1048 4243 1133 4325 regis
1158 4241 1295 4303 Haurici
1319 4243 1401 4304 sexti
1425 4248 1499 4323 post
1522 4248 1736 4325 conquestum
1764 4248 1856 4305 sexto
1883 4264 1991 4307 coram

491 4326 648 4391 Nioholao
663 4326 795 4405 (lacten,
808 4327 956 4393 Johanne
972 4328 1134 4413 Clypesby
1149 4333 1183 4391 et
1197 4329 1290 4391 sociis
1305 4330 1371 4391 suis
1386 4328 1613 4392 collectoribus
1629 4327 1687 4394 &c
1708 4333 1756 4409 (os
1772 4330 1901 4413 bosora).

535 4518 573 4578 In
598 4516 689 4580 nulla
717 4517 866 4600 parocbia
892 4517 1073 4599 subscripta
1095 4517 1181 4580 intra
1204 4516 1397 4580 decanatum
1424 4517 1465 4579 de
1489 4515 1618 4580 Blofeld
1645 4514 1821 4581 o'omitatus
1847 4520 1988 4601 predicti

490 4605 645 4668 videlicet
659 4604 695 4667 in
710 4602 870 4688 parochiis
885 4604 926 4667 de
941 4604 1136 4681 Baunnann
1148 4605 1375 4681 Baarnnsrou,
1389 4605 1576 4670 Boanunan
1589 4605 1708 4681 Fnarn,
1721 4605 1989 4685 Hnunnrucrou,

492 4692 659 4771 Frsnnnn,
675 4697 752 4755 sunt
767 4693 879 4755 decem
893 4692 1117 4756 inhabitantes
1132 4691 1299 4755 domicilia
1313 4696 1473 4756 tenentes.
1520 4692 1560 4754 In
1575 4694 1672 4778 cujus
1688 4690 1745 4756 &c

919 5159 1115 5226 Ducanarns
1138 5180 1182 5225 nn
1204 5156 1564 5227 WAXTONESHAM.

534 5352 714 5439 laquiricio
738 5354 834 5432 capta
856 5347 944 5432 apud
967 5347 1145 5433 Hykelyng
1158 5346 1213 5411 die
1226 5345 1318 5410 Jovis
1333 5347 1480 5429 proxima
1494 5350 1566 5429 post
1580 5344 1704 5410 festum
1719 5346 1833 5411 Sancti
1848 5348 1994 5415 Barnabe

494 5440 631 5524 apostoli
656 5457 740 5501 anno
763 5437 854 5522 regni
880 5437 967 5519 regis
989 5436 1125 5498 Henrioi
1151 5435 1236 5498 sexti
1261 5437 1335 5516 post
1360 5438 1571 5519 conquestum
1599 5440 1687 5497 sexto
1711 5455 1820 5499 coram
1840 5435 1997 5500 Nicholao

492 5528 623 5608 Castell,
639 5526 661 5590 J
662 5524 788 5589 ohanne
803 5524 947 5588 Hinford
961 5528 995 5587 et
1010 5523 1104 5586 sociis
1119 5524 1185 5585 suis
1199 5520 1425 5586 collectoribus
1440 5519 1497 5585 &a
1517 5525 1565 5600 (os
1581 5523 1708 5606 before).

535 5718 576 5780 In
602 5716 692 5779 nulla
714 5711 867 5798 parocbia
891 5711 1073 5795 subscripta
1100 5711 1185 5774 infra
1210 5710 1403 5775 decanatum
1429 5710 1470 5773 de
1497 5709 1749 5774 Waxtonesham
1771 5713 1809 5775 in
1835 5715 1994 5777 comitatu

491 5805 634 5889 predicto
643 5801 795 5866 videlicet
809 5801 845 5864 in
859 5797 1021 5884 parochiis
1031 5800 1070 5863 de
1080 5800 1339 5879 Rnonnmcwa,
1353 5802 1387 5861 et
1398 5798 1541 5879 Bassos,
1555 5805 1633 5861 sunt
1648 5798 1761 5864 decem
1775 5799 1995 5865 inhabitantes

491 5891 659 5960 domicilia
672 5895 833 5957 tacentes.
878 5888 920 5952 In
933 5888 1027 5975 onJ'us
1041 5886 1099 5957 &o
