5000 7050
1134 1089 1218 1160 al).
1243 1092 1338 1159 1346.
1916 1091 1979 1156 525

524 1376 706 1444 Willalmua
719 1378 762 1443 de
776 1378 930 1463 Oalthorp
945 1382 1036 1444 tenet
1051 1384 1198 1464 quartam
1214 1385 1341 1464 partam
1355 1378 1380 1466 j.
1396 1379 1421 1445 f.
1438 1398 1483 1446 m.
1498 1381 1534 1444 iu
1550 1379 1697 1448 Buram
1710 1381 1746 1442 et
1760 1379 1925 1446 Baaaruaa
1940 1377 1981 1441 de

480 1461 598 1528 herede
613 1466 654 1530 de
668 1465 851 1547 Tateahale,
868 1472 902 1531 et
915 1467 1005 1531 idem
1020 1468 1061 1531 de
1076 1487 1166 1552 rege,
1180 1468 1266 1553 quod
1292 1467 1493 1552 Regiuuldua
1518 1467 1558 1531 de
1583 1465 1739 1550 Caitharp
1765 1471 1800 1530 ei
1825 1465 1982 1530 Ricardua

394 1634 399 1642 .
479 1551 577 1616 frater
592 1553 664 1638 ejus
678 1556 840 1640 quondam
855 1561 1033 1618 tenuerunt
1107 1593 1827 1607 --------
1916 1575 1980 1618 Μ.

523 1687 666 1754 Thomas
680 1691 721 1755 de
736 1690 941 1756 Brokeabum
956 1695 991 1755 et
1006 1690 1165 1756 Kateriua
1178 1711 1260 1756 uxor
1274 1693 1345 1778 ejua
1360 1696 1477 1756 teuent
1490 1691 1571 1755 duaa
1586 1695 1694 1774 parter
1710 1690 1732 1756 f.
1749 1711 1794 1756 m.
1805 1690 1840 1753 in
1855 1690 1983 1758 Torius

480 1775 521 1838 de
535 1773 660 1840 herede·
668 1779 709 1842 de
724 1778 903 1857 Tateahale,
917 1784 950 1842 et
965 1780 1053 1843 idem
1068 1778 1110 1843 de
1124 1799 1211 1864 rege,
1226 1779 1313 1864 quod
1328 1780 1475 1864 Rogerua
1489 1779 1530 1841 de
1547 1778 1658 1841 'Postea
1674 1779 1836 1880 quondam
1852 1779 1961 1840 tenuit

1811 1886 1848 1952 ¹]-
1861 1885 1980 1929 marce.

524 1999 714 2085 Radulphus
741 2004 783 2067 de
813 2003 950 2086 Hynton
980 2008 1018 2068 et
1045 2001 1178 2067 Beatrix
1207 2023 1287 2066 uxor
1307 2001 1378 2088 ejus
1401 2005 1517 2067 tenent
1538 2002 1619 2070 duae
1644 2006 1754 2084 partas
1775 2001 1803 2087 j.
1826 2002 1851 2067 f.
1876 2022 1921 2067 m.
1946 2004 1982 2066 in

482 2087 641 2156 Douma
655 2090 696 2153 de
710 2088 883 2155 heredibus
897 2091 939 2155 de
959 2088 1141 2169 Tateahale‚
1166 2096 1201 2154 et
1226 2091 1328 2155 iidem
1352 2090 1393 2155 de
1416 2110 1504 2176 rege,
1526 2090 1612 2173 quod
1635 2086 1799 2154 Johannea
1822 2088 1923 2153 Lovel
1949 2095 1983 2154 et

481 2173 626 2259 Rogems
640 2177 780 2263 Iuggald
793 2178 956 2262 quondam
971 2184 1148 2243 tenuerunt
1207 2217 1219 2230 ·
1309 2218 1320 2230 -
1410 2218 1421 2230 -
1511 2216 1522 2229 ·
1714 2216 1725 2229 -
1813 2175 1850 2262 ij.
1863 2197 1980 2244 marae.

524 2311 617 2377 Prior
631 2314 672 2378 de
686 2313 927 2398 Wymundham
941 2320 1035 2380 tenet
1060 2315 1105 2381 di.
1121 2316 1145 2381 f.
1162 2336 1205 2379 m.
1231 2315 1267 2378 in
1292 2315 1493 2382 Suuruam
1516 2313 1559 2378 da
1581 2314 1703 2380 aoniae
1725 2313 1926 2392 Arundeuia,
1948 2321 1983 2378 et

481 2398 566 2464 idam
581 2400 726 2486 detege,
742 2403 828 2486 quod
843 2403 998 2469 Ricardus
1014 2401 1157 2466 Hakouu
1171 2401 1334 2486 quondam
1347 2402 1457 2465 tenuit
1491 2441 1503 2454 ·
1593 2440 1605 2454 ·
1695 2440 1706 2453 -
1796 2441 1806 2453 ·
1895 2422 1980 2468 uua.

525 2537 667 2604 Heredes
681 2539 812 2604 Rieardi
826 2540 868 2605 de
883 2539 1076 2605 Germeaton
1091 2545 1124 2604 et
1140 2540 1243 2604 Aliaia
1258 2541 1365 2604 uxoria
1379 2538 1448 2624 ejua
1462 2545 1496 2604 et
1510 2540 1567 2604 alii
1583 2542 1732 2604 tenentes
1745 2543 1903 2602 terrarum
1917 2560 1981 2623 que

482 2625 614 2689 fuerunt
627 2624 748 2691 Oeoilia
764 2628 795 2692 le
810 2628 902 2712 Virly
917 2635 1034 2693 teuent
1049 2635 1174 2693 sextam
1189 2633 1314 2712 partem
1324 2627 1352 2711 j.
1369 2627 1393 2690 f.
1404 2647 1450 2694 m.
1462 2627 1504 2692 de
1518 2627 1632 2692 eudem
1646 2625 1763 2700 harada
1806 2627 1851 2692 di.
1861 2645 1979 2694 maroa.

482 2761 689 2912 daill3eurliaua
704 2764 746 2828 de
760 2764 908 2829 Bethalle
922 2770 1015 2830 tanat
1029 2769 1178 2849 quartam
1192 2769 1321 2848 partem
1332 2763 1361 2850 j.
1376 2764 1399 2831 f.
1416 2783 1461 2830 m.
1477 2766 1513 2829 iu
1537 2764 1744 2831 Trcuuwuuu
1769 2762 1810 2827 de
1833 2729 1981 2828 Johanne
2090 2815 2094 2824 .

565 2869 665 2914 ηοω
702 2883 1725 2906 ...........
1772 2898 1775 2906 ,
1816 2890 1826 2900 .
1915 2870 1979 2917 m,

526 2985 688 3052 Johaunea
717 2987 818 3052 Lovel
847 2992 936 3053 tenet
964 2989 1114 3074 quintam
1141 2992 1266 3072 partem
1295 2989 1316 3054 ’.
1332 2989 1356 3054 f.
1372 3008 1416 3054 m.
1444 2989 1478 3052 in
1509 2986 1650 3055 Domo
1679 2985 1721 3050 de
1746 2985 1912 3055 Willelmo
1941 2987 1982 3052 de

483 3070 647 3157 Galthorp,
661 3075 747 3158 quad
763 3074 929 3140 Johaunea
943 3077 1043 3140 Imel
1057 3082 1092 3140 et
1106 3075 1268 3140 Martinus
1339 3073 1533 3140 southmaro
1547 3075 1710 3160 quondam
1725 3079 1934 3176 tenueruntm

1877 3182 1981 3248 vuja.

527 3296 636 3363 Hamo
664 3299 694 3362 la
723 3298 886 3384 straunge
914 3303 1008 3363 tenet
1037 3320 1140 3363 unum
1168 3300 1371 3384 quarterium
1400 3298 1488 3364 feodi
1517 3303 1550 3364 et
1587 3299 1763 3364 dimidium
1798 3299 1917 3364 militia
1948 3303 1983 3364 iu

483 3384 726 3453 Huuaraaarou
753 3393 788 3450 at
814 3387 916 3453 Hourr
940 3387 981 3450 de
1006 3389 1127 3451 comite
1140 3387 1332 3452 Arundellie
1354 3389 1391 3450 at
1411 3387 1502 3452 idem
1517 3386 1558 3452 da
1572 3407 1656 3471 rege,
1671 3388 1756 3469 quod
1772 3386 1937 3452 Johannea
1952 3389 1983 3453 le

482 3471 642 3558 Strauuge
655 3474 817 3559 quondam
830 3477 938 3539 tenuit
984 3512 1805 3527 ·········
1894 3495 1980 3543 xm.

526 3623 709 3692 Willelmua
724 3626 765 3689 de
781 3623 935 3710 Galthorp
950 3630 1044 3689 tenet
1058 3625 1258 3708 quarterium
1275 3624 1300 3709 j.
1316 3624 1340 3689 f.
1355 3644 1401 3689 m.
1417 3624 1652 3691 iquuauuowu
1666 3623 1708 3686 da
1722 3622 1837 3687 herede
1863 3626 1984 3708 Rogati

483 3708 628 3794 Somary,
643 3721 678 3776 et
691 3712 779 3776 idem
794 3713 834 3776 de
848 3733 937 3799 rege,
951 3712 1038 3797 quod
1052 3711 1216 3779 Walterua
1230 3711 1271 3775 de
1286 3709 1441 3795 Oalthorp
1456 3712 1619 3795 quondam
1635 3711 1745 3774 tenuit
1818 3750 1829 3763 ·
1917 3735 1981 3780 ω.

526 3860 660 3927 Beatrix
686 3861 727 3925 de
748 3863 996 3949 ingaldeathorp
1019 3866 1054 3927 at
1079 3867 1228 3926 tenentes
1254 3862 1305 3925 aui
1331 3864 1448 3924 tenent
1473 3866 1623 3945 quartam
1648 3864 1775 3945 partam
1797 3862 1823 3947 j.
1839 3861 1863 3926 f.
1879 3882 1924 3927 m.
1948 3864 1982 3925 iu

484 3947 684 4016 Suaraauaia
713 3953 748 4013 et
776 3950 917 4017 Fuuuau
946 3952 988 4014 de
1011 3950 1184 4014 heredibus
1210 3948 1334 4034 Rogeri
1359 3948 1504 4033 somery,
1528 3954 1563 4013 et
1587 3948 1688 4013 iidem
1717 3947 1758 4012 de
1787 3968 1872 4032 rege,
1897 3950 1982 4033 quod

480 4034 621 4099 Thomaa
635 4036 675 4100 de
689 4035 940 4122 Ingaldesthorp
955 4038 1119 4122 quondam
1133 4038 1241 4101 tenuit
1311 4074 1828 4089 ······
1917 4057 1978 4103 x.a.

526 4188 672 4273 Rogerua
695 4187 753 4253 Ive
775 4187 815 4252 de
838 4188 973 4273 Berwyk
997 4193 1032 4253 et
1054 4188 1235 4273 pereenarii
1261 4188 1313 4251 aui
1339 4190 1453 4251 teuent
1480 4188 1629 4272 quartam
1655 4192 1778 4269 partem
1801 4188 1828 4273 j.
1844 4188 1867 4253 f.
1883 4208 1928 4254 m.
1947 4190 1982 4252 iu

479 4274 876 4444 Jffffiffigugmffl
891 4276 932 4415 de
948 4276 1077 4414 Rouero
1092 4274 1236 4415 iomeru,
1250 4279 1284 4339 et
1299 4274 1386 4413 iriam
1403 4274 1444 4412 tie
1467 4294 1557 4411 reue,
1582 4273 1669 4412 quod
1695 4273 1753 4411 Iao
1776 4275 1828 4412 de.
1844 4275 1980 4429 ΒεἪ

525 4515 711 4582 Willelmua
724 4515 767 4578 de
782 4513 953 4578 Secheford
969 4518 1005 4578 ei
1019 4514 1182 4581 Heuricua
1196 4513 1238 4577 de
1251 4510 1430 4597 Eliugham
1445 4518 1560 4576 teuent
1576 4512 1621 4578 di.
1636 4512 1660 4577 f.
1676 4532 1720 4575 m.
1732 4512 1766 4574 in
1784 4514 1981 4580 Sucnuroau

481 4605 515 4666 et
530 4602 729 4681 Tuouuuau,
744 4602 833 4665 uude
849 4601 1012 4666 Hemieua
1034 4601 1074 4665 de
1095 4599 1281 4686 Elyngham
1305 4603 1400 4663 tenet
1423 4599 1635 4663 medietatem
1659 4596 1694 4661 ii
1721 4599 1920 4679 Tuouuuau
1946 4608 1981 4666 et

479 4694 594 4755 teuent
607 4691 648 4754 de
663 4690 813 4773 episeopo
826 4688 980 4768 Norwiai,
994 4693 1029 4753 et
1042 4688 1132 4752 idem
1147 4687 1188 4752 da
1202 4707 1287 4773 rega,
1303 4687 1391 4772 quod
1406 4687 1590 4756 Wiilelmua
1604 4687 1646 4750 de
1661 4684 1834 4751 Secheford
1849 4688 1960 4751 tenuit

1894 4795 1978 4843 xxa.

523 4912 706 4982 Willelmua
721 4914 760 4978 de
776 4912 949 4978 Seeheford
963 4919 998 4978 et
1013 4913 1070 4976 alii
1085 4916 1234 4977 tenentes
1247 4921 1408 4977 terrarum
1431 4932 1494 4997 qua
1518 4914 1651 4976 fuerunt
1675 4911 1808 4977 Roberti
1828 4911 1982 4996 (ierweya

480 5004 594 5065 tenent
619 5008 686 5066 trea
709 5006 815 5085 partes
840 5001 866 5085 j.
882 5000 906 5066 f.
923 5020 967 5065 m.
982 5002 1017 5064 in
1042 5002 1243 5067 Rruasrauu
1259 5001 1382 5067 Maeui
1396 5006 1430 5064 et
1444 5000 1546 5066 Homr
1562 4999 1602 5063 da
1617 4999 1768 5083 episcopo
1783 4998 1932 5078 Notaui,
1947 5007 1981 5063 et

480 5086 568 5151 idem
583 5089 625 5152 da
639 5110 725 5175 rege,
740 5090 826 5175 quod
841 5088 1005 5153 Johannea
1019 5088 1062 5152 de
1076 5088 1188 5152 Iuaula
1202 5088 1367 5171 quondam
1383 5089 1494 5151 tenuit
1567 5126 1578 5138 -
1669 5125 1681 5137 ·
1772 5125 1783 5136 ·
1873 5107 1978 5153 xxxa.

522 5224 662 5287 Thomas
676 5224 717 5289 de
732 5224 907 5309 Suyterton
923 5229 1014 5289 tanet·
1029 5224 1240 5290 medietatem
1255 5228 1371 5308 quarte
1386 5223 1488 5306 pariis
1499 5221 1526 5305 j.
1543 5222 1567 5286 i.
1585 5243 1627 5285 m.
1643 5222 1677 5285 in
1694 5221 1918 5289 Huasrmror
1940 5224 1982 5287 de

479 5311 628 5396 episcopo
643 5311 793 5391 Norwiai‚
808 5320 843 5376 et
857 5314 944 5377 idem
960 5315 1000 5377 de
1014 5333 1099 5399 rege,
1115 5313 1201 5397 quod
1215 5311 1358 5375 Thomas
1373 5311 1412 5375 de
1428 5309 1606 5393 Suytertou
1621 5309 1784 5392 quondam
1801 5312 1908 5371 tenuit

1913 5416 1942 5463 v.
1953 5417 1979 5463 a.

522 5534 615 5599 Prior
628 5536 669 5599 de
683 5534 830 5599 Norwieo
842 5539 937 5599 tenet
951 5535 995 5601 di.
1012 5537 1035 5601 f.
1050 5556 1095 5600 m.
1111 5537 1147 5599 iu
1164 5535 1363 5603 Sucuuuouu
1377 5533 1418 5596 de
1432 5534 1585 5616 episeopo
1600 5531 1751 5609 Norwiai,
1771 5536 1804 5596 et
1830 5532 1918 5595 idem
1941 5534 1981 5598 de

479 5640 567 5707 rege,
594 5623 680 5707 quod
703 5622 807 5685 Adam
831 5622 872 5687 da
899 5622 1087 5686 Baldeawell
1109 5628 1144 5687 et
1172 5622 1229 5685 alii
1261 5624 1411 5684 tenentes
1441 5625 1598 5683 terrarum
1630 5619 1762 5685 Roberti
1793 5621 1833 5683 de
1863 5618 1979 5685 Castora

481 5711 640 5793 quondam
656 5713 832 5772 tenuerunt
882 5738 1806 5761 ----------
1895 5730 1979 5774 rma.

521 5859 710 5923 Elizabetha
724 5859 765 5922 de
780 5858 894 5941 Burgh
909 5863 999 5922 tenet
1014 5858 1039 5944 j.
1055 5859 1079 5925 s.
1095 5864 1132 5920 at
1145 5859 1189 5922 di.
1204 5859 1240 5921 iu
1255 5857 1632 5936 Bmcffl‚R1Noa'ruua
1660 5856 1785 5920 Maura
1811 5863 1847 5922 et
1874 5859 1978 5923 Hom

480 5948 566 6033 quod
579 5945 754 6013 Nieholaua
768 5946 809 6011 de
823 5943 976 6015 Briaham
991 5945 1154 6032 quondam
1168 5946 1277 6012 tenuit
1293 5946 1335 6011 de
1350 5944 1481 6012 baronia
1496 5944 1536 6011 de
1551 5945 1645 6015 clare
1701 5984 1713 5998 ·
1803 5986 1813 5998 -
1903 5948 1945 6013 lx.
1954 5971 1980 6014 a.
