5000 7050
1088 1090 1167 1157 ΑΙ).
1193 1094 1287 1158 1431.
1890 1090 1931 1159 57

471 1376 566 1444 Prior
615 1431 1013 1449 ........
1057 1383 1123 1447 init
1146 1383 1280 1447 seisitus
1304 1381 1464 1446 desertis
1493 1384 1559 1461 (sic)
1587 1382 1621 1445 in
1649 1381 1846 1461 Cunnum,
1867 1402 1930 1467 que

430 1465 542 1531 valent
563 1466 777 1555 [perannum
791 1471 880 1535 ultra
894 1468 1048 1557 reprisas]
1065 1470 1125 1556 j.s.
1177 1468 1251 1557 [Et]
1272 1468 1370 1535 habet
1383 1469 1462 1533 aiibi
1477 1475 1541 1533 ete.

473 1602 620 1672 Thomas
643 1608 731 1691 Isak,
755 1609 908 1693 armiger,
935 1609 989 1674 die
1006 1616 1069 1673 etc.
1084 1610 1150 1673 fuit
1166 1610 1297 1672 seisitns
1313 1609 1352 1673 de
1367 1609 1466 1672 certis
1481 1606 1680 1673 tenementis
1693 1608 1729 1671 in
1745 1608 1932 1677 otrannus

432 1690 473 1753 ad
488 1694 636 1759 valorem
681 1743 968 1764 ......
1020 1695 1079 1784 [Et
1095 1696 1195 1762 habet
1209 1692 1302 1783 alibi]
1324 1702 1386 1762 ete.

474 1830 642 1897 Robertus
671 1835 817 1902 Bertelot
847 1836 901 1901 die
929 1842 993 1905 ete.
1022 1836 1087 1899 fnit
1118 1836 1250 1899 saisitus
1280 1836 1319 1899 de
1348 1837 1446 1900 certis
1475 1836 1570 1900 terris
1606 1844 1640 1898 et
1669 1838 1865 1915 tenementis
1896 1838 1931 1900 in

433 1918 637 2001 (insumam,
652 1927 688 1987 et
702 1923 811 1988 valent
827 1945 884 2008 per
899 1944 1021 1987 annum
1036 1925 1123 1987 ultra
1137 1923 1275 2009 reprisas
1290 1925 1368 1991 xis.
1415 1924 1460 1988 Et
1474 1922 1569 1987 habet
1585 1922 1663 1987 alibi
1680 1930 1742 1988 etc.

474 2058 665 2125 Willelmus
693 2060 837 2142 chinon,
867 2062 908 2126 de
938 2059 1121 2140 cantuaria,
1150 2062 1203 2126 die
1232 2066 1295 2126 ete.
1327 2060 1392 2125 init
1422 2062 1554 2126 seisitus
1583 2062 1621 2125 de
1650 2062 1750 2125 certis
1777 2062 1871 2124 terris
1897 2068 1933 2125 et

431 2148 634 2297 {gamantia
655 2150 691 2211 in
717 2149 916 2229 cinnnnmn,
941 2156 977 2213 et
1002 2150 1111 2213 vatent
1133 2170 1192 2233 per
1214 2169 1335 2213 annum
1363 2150 1450 2213 ultra
1477 2150 1613 2233 reprisas
1640 2151 1713 2214 vii.
1760 2150 1804 2212 Et
1832 2147 1933 2213 habet

477 2370 640 2437 Ricardus
655 2372 858 2460 Stopyndon‚
872 2375 913 2440 de
928 2373 1115 2454 cantuaria,
1130 2375 1183 2438 die
1199 2381 1263 2441 ete.
1280 2376 1344 2439 init
1358 2376 1487 2439 seisitus
1503 2374 1543 2439 de
1568 2374 1665 2439 certis
1689 2375 1885 2439 tenementis
1898 2377 1933 2439 in

434 2457 638 2540 cinnum,
652 2468 685 2525 et
701 2463 813 2527 valent
827 2464 999 2528 annuatim
1013 2463 1100 2528 ultra
1114 2464 1249 2547 reprisas
1263 2463 1307 2528 xl.
1317 2486 1344 2530 a.
1388 2464 1433 2526 Et
1448 2461 1547 2526 habet
1560 2462 1638 2525 alibi
1652 2468 1713 2526 ete.

477 2595 648 2662 iohannes
670 2598 791 2686 ffigge,
813 2601 964 2686 armiger,
984 2601 1049 2665 fuit
1064 2600 1192 2665 seisitus
1206 2601 1261 2664 die
1276 2608 1340 2666 ete.
1357 2600 1397 2664 de
1411 2601 1509 2664 certis
1524 2600 1620 2663 terris
1636 2604 1670 2664 et
1685 2602 1883 2664 tenementis
1899 2603 1933 2664 in

436 2682 638 2765 Genusium,
653 2693 688 2752 et
702 2688 816 2753 valent
830 2708 887 2773 per
901 2709 1022 2753 annum
1039 2689 1126 2752 ultra
1140 2691 1277 2772 reprime
1292 2688 1354 2773 iiij.
1371 2709 1503 2752 mareas.
1550 2687 1595 2751 Et
1610 2686 1711 2753 habet
1724 2686 1804 2751 alibi
1820 2693 1883 2752 ete.

478 2823 646 2890 Johannes
660 2826 819 2906 Palmere,
835 2828 876 2891 de
892 2825 1078 2905 (iantuaria
1093 2829 1157 2891 fuit
1173 2828 1304 2891 seisitus
1319 2832 1380 2891 ete.
1396 2827 1436 2890 de
1454 2824 1565 2913 [certis
1581 2827 1677 2892 terris
1691 2830 1725 2889 et
1740 2830 1936 2892 tenementis

435 2907 724 3064 iiibigiimm'
754 2922 789 2980 et
819 2916 929 2980 valent
959 2937 1017 3000 per
1046 2934 1169 2979 annum
1199 2916 1287 2979 ultra
1317 2915 1455 2999 reprisas
1485 2914 1588 2999 xiiis.
1616 2912 1721 3001 iiijst.
1766 2916 1810 2978 Et
1838 2915 1936 2981 habet

478 3134 645 3202 Johannes
682 3137 850 3219 Fonhunt,
880 3140 921 3205 de
958 3139 1144 3218 cantuaria,
1174 3142 1240 3205 fuit
1274 3140 1404 3204 seisitus
1440 3140 1493 3203 die
1530 3143 1592 3205 ete.
1631 3138 1671 3203 de
1707 3141 1804 3204 certis
1841 3144 1934 3206 terris

436 3220 723 3377 ffiitzrtrgmentis]
740 3230 776 3291 in
791 3228 990 3309 cinnum,
1006 3226 1054 3316 [et
1067 3225 1191 3316 valent]
1209 3248 1402 3313 perannum
1418 3228 1504 3291 ultra
1519 3228 1653 3312 repris'as
1668 3227 1744 3294 xta.
1777 3228 1821 3292 Et
1836 3226 1935 3295 habet

479 3450 648 3516 Johannes
679 3452 800 3533 Bronn,
829 3454 870 3518 de
898 3454 1082 3536 cantuaria,
1111 3455 1177 3518 fuit
1205 3455 1338 3519 seisitus
1367 3455 1421 3519 die
1451 3457 1514 3519 ete.
1544 3454 1584 3517 de
1614 3454 1711 3517 sertis
1740 3458 1936 3522 tenementis

436 3538 686 3620 inflatissimi,
700 3539 749 3628 [et
763 3542 874 3607 valent
889 3564 1082 3628 perannum
1096 3544 1185 3608 ultra
1199 3547 1335 3628 reprisas
1381 3589 1387 3602 .
1436 3593 1442 3607 .
1492 3540 1516 3630 .]
1567 3543 1611 3605 Et
1625 3540 1724 3607 habet
1738 3543 1818 3608 alibi
1833 3552 1897 3612 ete.

479 3677 668 3744 willelmus
696 3679 866 3764 Biliynton
890 3681 954 3745 fuit
979 3683 1110 3745 seisitus
1134 3682 1187 3745 die
1211 3686 1276 3748 ete.
1304 3683 1345 3746 de
1371 3681 1466 3746 sertis
1487 3678 1596 3767 [terris
1621 3685 1655 3744 et
1680 3683 1875 3746 tenementis
1899 3685 1934 3748 in

437 3764 639 3846 omnum,
651 3772 685 3832 et
700 3767 811 3832 valent
829 3789 887 3853 per
900 3765 1039 3857 annum]
1061 3770 1148 3833 ultra
1162 3771 1301 3852 reprisas
1347 3817 1355 3833 .
1401 3770 1435 3834 li.
1481 3769 1525 3832 Et
1540 3767 1638 3832 habet
1654 3767 1732 3831 alibi
1747 3775 1810 3834 ete.

479 3903 668 3969 Willelmus
679 3905 773 3985 Rose,
783 3905 823 3971 de
838 3906 1024 3988 cantuaria,
1033 3909 1099 3973 fnit
1114 3908 1243 3972 seisitus
1258 3908 1313 3972 die
1327 3912 1390 3974 ete.
1402 3907 1441 3971 de
1455 3907 1553 3971 certis
1567 3902 1677 3994 [terris
1692 3909 1725 3972 et
1740 3911 1937 3976 tenementis

435 3991 705 4148 iliibijiieiUffl’
733 3998 769 4059 et
797 3995 910 4060 valent
938 4017 996 4082 per
1025 4016 1149 4060 annum
1177 3995 1264 4060 ultra
1294 3991 1447 4083 reprisas]
1481 3995 1544 4078 iiij.
1574 4015 1708 4062 mareas.
1766 3995 1811 4060 Et
1841 3995 1938 4063 habet

478 4217 649 4285 Johannes
671 4219 769 4301 Pirie‚
793 4222 835 4286 de
861 4219 1046 4305 cantuaria,
1071 4222 1137 4289 init
1158 4224 1288 4289 seisitns
1313 4223 1368 4287 die
1394 4225 1457 4289 ete.
1483 4220 1523 4287 de
1548 4223 1648 4286 sertis
1677 4225 1872 4288 tenementis
1900 4225 1937 4290 in

439 4305 639 4388 Genusium,
660 4305 712 4396 [et
725 4310 838 4374 vatent
851 4331 909 4394 per
923 4331 1047 4376 annum
1061 4312 1148 4376 ultra
1161 4314 1298 4397 reprisas
1344 4360 1351 4376 .
1400 4361 1407 4374 .
1455 4359 1463 4376 .
1511 4305 1535 4396 .]
1587 4309 1632 4373 Et
1646 4308 1748 4375 habet
1762 4311 1841 4376 alibi
1855 4318 1923 4382 ete.

479 4442 651 4512 Johannes
681 4447 833 4526 Benene,
862 4449 903 4513 de
933 4448 1117 4531 Cantuaria,
1148 4452 1215 4516 fuit
1245 4451 1378 4515 seisitus
1407 4450 1463 4512 die
1492 4456 1555 4514 ete.
1587 4449 1629 4513 de
1657 4449 1755 4514 sertis
1781 4452 1875 4515 terris
1905 4457 1939 4518 et

439 4537 642 4599 tenementis
664 4536 1101 4617 intimatametvalent
1125 4559 1330 4623 perannum
1353 4539 1439 4603 ultra
1468 4537 1607 4620 reprisas
1651 4583 1659 4600 .
1708 4585 1714 4601 .
1763 4585 1770 4604 .
1818 4536 1843 4626 .]
1894 4540 1940 4606 Et

438 4618 539 4686 habet
552 4623 633 4686 aiibi
646 4627 710 4690 ete.

480 4759 643 4824 Riserdus
672 4758 827 4844 (iinteler,
858 4763 899 4828 de
929 4763 1114 4844 cantuaria,
1145 4764 1213 4829 fuit
1241 4765 1372 4830 saisitus
1402 4762 1455 4827 die
1483 4768 1546 4827 ete.
1577 4762 1619 4826 de
1648 4765 1746 4827 sertis
1776 4765 1869 4829 terris
1906 4771 1941 4832 et

439 4848 640 5003 &fingentis
660 4849 699 4958 in
725 4849 924 4931 Gaurum,
947 4853 1112 4918 etvalent
1136 4872 1338 4938 perannum
1363 4851 1450 4914 nitra
1480 4851 1616 4934 reprisas
1631 4851 1736 4935 iiij.li.
1781 4853 1826 4917 Et
1841 4851 1943 4919 habet

481 5075 668 5139 Willeimus
692 5075 876 5161 Bonynton,
901 5079 943 5143 de
968 5076 1155 5160 cantuaria,
1177 5081 1244 5144 fuit
1273 5079 1403 5144 seisitus
1426 5077 1480 5142 die
1505 5082 1568 5143 etc.
1591 5078 1631 5142 de
1657 5079 1753 5143 sertis
1782 5081 1879 5144 terris
1906 5087 1942 5146 et

439 5165 639 5317 {Re-mentis
662 5165 698 5228 in
722 5165 923 5245 (insumam,
945 5172 982 5231 et
1004 5168 1115 5234 valent
1139 5168 1312 5233 annuatim
1335 5167 1421 5230 ultra
1446 5167 1584 5250 reprisas
1612 5186 1710 5251 ηιμ.
1766 5167 1810 5231 Et
1841 5169 1941 5233 habet

506 5272 520 5316 1
534 5273 553 5315 e
569 5274 599 5322 c.

483 5391 647 5458 Robertns
662 5390 828 5478 Dungate,
843 5393 883 5458 de
899 5393 1079 5477 Cantuaria,
1094 5395 1160 5460 fuit
1183 5395 1317 5461 seiaitus
1342 5393 1396 5458 die
1422 5396 1485 5458 ete.
1500 5392 1541 5456 de
1564 5393 1662 5456 certis
1684 5395 1883 5458 tenementis
1906 5397 1941 5460 in

442 5479 642 5560 censuram,
656 5485 692 5544 et
707 5481 817 5546 valent
831 5484 1002 5548 annuatim
1016 5485 1103 5548 ultra
1117 5486 1253 5569 reprisas
1268 5505 1319 5550 xx.
1327 5505 1353 5548 s.
1397 5481 1441 5544 Et
1455 5481 1555 5545 habet
1568 5480 1648 5544 aiibi
1660 5484 1724 5546 ets.

478 5621 584 5686 David
599 5621 736 5699 Mareis,
752 5620 794 5685 de
810 5620 1073 5702 Cantauriaiuit
1086 5623 1218 5687 seisitus
1234 5623 1287 5687 die
1303 5625 1367 5685 ete.
1379 5621 1419 5684 de
1439 5617 1551 5705 [certis
1566 5619 1661 5684 terris
1676 5622 1710 5683 et
1724 5615 1936 5710 tenementis]

440 5708 472 5774 in
487 5711 695 5787 Caniniam,
709 5713 742 5774 et
757 5709 871 5775 valent
885 5729 1078 5794 perannum
1094 5711 1181 5776 ultra
1194 5712 1333 5796 reprisas
1347 5729 1440 5791 ηιμ.
1485 5707 1531 5771 Et
1544 5706 1644 5771 habet
1656 5704 1734 5770 nlibi
1749 5713 1812 5774 etc.

473 5849 674 5917 Edmundus
704 5847 839 5936 Wykes,
869 5849 911 5913 de
939 5849 1121 5930 Natinden‚
1149 5849 1217 5915 fuit
1247 5851 1379 5914 seisitus
1407 5846 1462 5910 die
1492 5852 1555 5913 etc.
1584 5846 1626 5909 de
1656 5846 1755 5909 sertis
1783 5847 1879 5912 terris
1907 5849 1943 5912 in

437 5937 637 6018 Caunum,
653 5941 688 6004 et
703 5940 815 6005 valent
830 5958 1026 6022 perannum
1041 5938 1130 6004 ultra
1144 5940 1285 6024 reprisas
1300 5937 1377 6004 xta.
1424 5935 1470 5999 Et
1482 5932 1584 6000 habet
1597 5933 1675 5997 alibi
1691 5937 1753 5999 ete.
