5000 7050
567 1066 609 1129 62
1258 1070 1389 1138 KEN'I.

613 1354 711 1434 Item,
727 1356 890 1421 Johsnnes
906 1356 1042 1441 Caffrey‚
1057 1360 1096 1423 de
1118 1359 1214 1438 Essb‚
1236 1380 1366 1445 yoman‚
1390 1362 1455 1433 fuit
1478 1362 1610 1425 seisitus
1637 1368 1701 1428 eto.
1725 1361 1767 1426 de
1791 1362 1886 1426 sertis
1912 1363 2006 1427 terris
2033 1366 2071 1426 et

568 1444 764 1506 tenementis
779 1446 814 1505 in
829 1443 996 1509 hundredo
1011 1447 1167 1530 predicto,
1184 1470 1248 1531 que
1264 1448 1373 1512 valent
1389 1454 1451 1515 etc.
1469 1470 1554 1515 κω.

611 1530 704 1593 Idem
720 1531 741 1593 J
743 1532 883 1595 ohannes
897 1532 1006 1610 habet,
1021 1539 1083 1599 eto.
1102 1541 1148 1612 (as
1165 1538 1291 1619 tryin'e).

612 1668 697 1731 Item
743 1718 750 1733 .
799 1719 806 1733 .
853 1720 860 1734 .
909 1721 916 1734 .
963 1672 1003 1734 de
1048 1722 1055 1736 .
1104 1723 1111 1737 .
1159 1723 1167 1737 .
1215 1676 1398 1759 .armiger,
1420 1674 1485 1737 fuit
1508 1674 1636 1739 seisitus
1658 1678 1721 1739 eto.
1740 1675 1779 1739 de
1801 1676 1896 1739 certis
1911 1676 2006 1739 terris
2028 1680 2067 1738 et

568 1758 767 1819 tenementis
783 1760 817 1818 in
831 1756 1000 1822 hundredo
1016 1761 1172 1842 predicto,
1188 1782 1249 1844 qus
1265 1762 1374 1826 valent
1387 1768 1449 1827 eto.
1467 1784 1550 1827 xxm.

609 1894 696 1956 Item
741 1945 748 1960 .
797 1945 804 1960 .
853 1946 860 1962 .
909 1897 980 1962 ‚de
995 1896 1182 1982 Sandsryoo‚
1196 1898 1400 1984 gentylmsn‚
1415 1900 1480 1964 tuit
1495 1900 1626 1965 seisitus
1641 1904 1703 1967 eto.
1721 1900 1761 1965 de
1783 1900 1882 1965 oertis
1905 1903 2000 1965 terris
2028 1906 2064 1965 et

565 1983 764 2045 tenementis
779 1985 813 2046 in
829 1982 995 2048 hundredo
1010 1986 1166 2069 predicto,
1181 2008 1243 2070 qne
1259 1988 1368 2053 valent
1384 1992 1446 2053 etc.
1463 2008 1528 2053 v.s.

609 2068 654 2131 Et
668 2070 755 2133 idem
769 2072 879 2149 habet,
893 2076 958 2137 eto.
1277 2102 1284 2113 ·

611 2205 710 2284 Item,
739 2205 902 2271 Iohannes
930 2208 1076 2291 Fynenx,
1105 2211 1257 2293 armiger,
1290 2211 1343 2273 die
1374 2214 1436 2275 eto.
1461 2211 1527 2275 tuit
1557 2213 1688 2275 seisitus
1714 2211 1754 2275 de
1778 2213 1876 2276 osrtis
1902 2213 1997 2276 terris
2026 2216 2061 2276 st

567 2295 765 2357 tenementis
779 2297 813 2357 in
829 2295 994 2360 hundredo
1009 2298 1166 2379 predicto,
1181 2318 1243 2381 que
1259 2296 1367 2361 valent
1382 2304 1446 2363 etc.
1463 2320 1514 2363 xx.
1528 2322 1553 2363 s.

609 2380 701 2443 Idem
717 2382 879 2446 Iohannes
895 2382 1001 2464 habet,
1018 2390 1080 2450 eto.

608 2518 707 2598 Item,
723 2520 863 2583 Thomas
878 2520 999 2600 Broun,
1014 2521 1055 2585 de
1072 2521 1217 2599 London,
1232 2523 1382 2607 armiger,
1399 2522 1465 2587 tuit
1480 2524 1613 2587 seisitus
1628 2526 1691 2589 eto.
1719 2523 1759 2588 de
1783 2525 1881 2589 certis
1909 2524 2003 2589 terris
2026 2530 2060 2589 et

564 2608 763 2670 tenementis
777 2608 813 2670 in
827 2608 995 2673 hundredo
1010 2610 1166 2693 predicto,
1181 2630 1243 2692 que
1260 2610 1370 2673 valent
1385 2614 1437 2675 eto
1441 2660 1669 2677 .....
1694 2613 1725 2676 d.

607 2694 652 2756 Et
665 2694 753 2757 Idem
767 2694 906 2759 Thomas
921 2694 1031 2775 hsbet,
1047 2703 1110 2762 eto.

608 2838 704 2916 Item,
718 2838 885 2904 Iohannes
899 2840 988 2919 Isak,
1003 2842 1044 2904 de
1057 2841 1338 2921 Patrikesbourne,
1356 2842 1506 2927 armiger,
1524 2842 1577 2906 die
1592 2844 1654 2907 eto.
1672 2841 1737 2907 fuit
1752 2842 1883 2909 seisitus
1899 2844 1938 2907 de
1959 2845 2059 2908 sertis

564 2928 659 2991 terris
675 2934 710 2990 et
724 2930 923 2991 tenementis
939 2931 973 2991 in
989 2930 1102 2992 eodem
1118 2928 1297 3009 hundredo,
1312 2951 1375 3013 que
1390 2931 1498 2995 valent
1513 2935 1576 2994 eto.
1595 2952 1658 2995 ιε.

606 3015 653 3077 Ao
669 3015 755 3078 idem
769 3015 933 3079 Johsnnes
948 3014 1058 3096 hsbet,
1074 3022 1137 3081 eto.

605 3161 703 3239 Item,
732 3160 896 3225 Iohannes
926 3162 1132 3240 Oxendenne,
1160 3164 1202 3226 de
1248 3212 1568 3242 .......
1585 3163 1786 3247 gentylmsn,
1816 3162 1870 3227 dis
1898 3166 1960 3227 ete.
1991 3163 2056 3227 fuit

563 3249 696 3312 seisitus
710 3250 751 3312 ds
765 3251 860 3312 certis
875 3252 971 3313 terris
985 3257 1019 3314 et
1035 3250 1236 3315 tenementis
1251 3253 1286 3314 in
1303 3250 1471 3315 hundredo
1486 3252 1642 3334 predicto,
1657 3271 1721 3334 qus
1736 3250 1844 3315 valent
1859 3253 1922 3317 eto,
1939 3272 2023 3317 κω.

606 3336 650 3398 Et
664 3336 753 3399 idem
766 3336 929 3401 Iohannes
943 3337 1053 3417 habet,
1067 3343 1130 3405 eto.

606 3485 706 3565 Item,
735 3484 840 3548 Atioia
869 3483 997 3570 Spyoer,
1028 3486 1068 3549 de
1098 3484 1215 3564 Dovor,
1244 3484 1311 3549 fuit
1340 3484 1469 3550 seisitus
1502 3482 1573 3565 (sio)
1606 3490 1681 3565 eto,
1710 3484 1751 3549 de
1779 3486 1878 3550 sertis
1904 3486 1996 3552 terris
2020 3491 2056 3551 et

561 3573 757 3637 tenementis
770 3575 806 3637 in
820 3572 988 3637 hundredo
1003 3574 1162 3658 predicto,
1177 3595 1239 3658 que
1254 3574 1364 3639 valent
1379 3580 1442 3639 eto.
1459 3575 1552 3639 xxti.

604 3719 703 3800 Item,
729 3718 910 3784 Willelmus
933 3719 1070 3797 Bonam,
1092 3720 1133 3783 de
1153 3719 1311 3796 Esrwelle,
1333 3736 1462 3802 yoman,
1487 3715 1541 3780 die
1567 3721 1629 3782 eto.
1654 3717 1720 3782 fnit
1742 3718 1874 3783 ssisitns
1894 3718 1934 3783 de
1958 3719 2054 3783 certis

560 3809 656 3870 terris
670 3814 703 3871 et
718 3809 914 3871 tenementis
927 3809 964 3870 in
978 3805 1148 3871 hundredo
1163 3807 1321 3891 predicto,
1336 3825 1398 3889 qne
1415 3805 1527 3868 valent
1541 3811 1604 3870 eto.
1621 3826 1706 3871 κω.

602 3895 648 3958 Et
661 3896 749 3959 idem
764 3894 948 3958 Wiltelmus
964 3894 1073 3973 habet,
1088 3902 1152 3960 eto.

602 4042 700 4120 Item,
731 4042 902 4125 Philippus
947 4092 955 4107 .
1003 4091 1011 4107 .
1059 4092 1066 4107 .
1115 4041 1212 4106 ‚tuit
1242 4042 1384 4120 misitne,
1412 4045 1475 4106 eto.
1501 4040 1540 4104 de
1564 4041 1660 4105 sertis
1683 4039 1778 4104 terris
1799 4043 1834 4104 et
1855 4041 2053 4106 tenementis

560 4131 594 4192 in
610 4129 777 4193 hundredo
791 4130 948 4214 predicto,
963 4150 1026 4212 que
1041 4130 1151 4194 valent
1166 4134 1242 4208 ete,
1256 4151 1306 4194 xx.
1315 4153 1341 4194 s.

602 4276 698 4352 Item,
724 4271 888 4337 Iohannes
934 4323 941 4338 .
989 4324 997 4339 .
1046 4323 1053 4339 .
1102 4275 1210 4351 .,de
1237 4274 1367 4336 Harrow
1394 4273 1431 4336 of
1451 4272 1506 4336 the
1533 4273 1621 4350 Heli,
1646 4273 1798 4354 armiger,
1823 4271 1878 4336 dis
1902 4278 1964 4337 eto.
1988 4271 2052 4338 fuit

558 4363 688 4427 seisitus
703 4361 742 4424 ds
757 4363 855 4424 certis
870 4363 964 4425 terris
978 4366 1014 4425 et
1028 4365 1226 4426 tenementis
1240 4363 1275 4424 in
1292 4360 1460 4425 hundredo
1475 4361 1631 4445 predicto,
1648 4381 1710 4443 que
1725 4361 1833 4424 valent
1849 4365 1911 4424 eto.
1922 4381 1987 4426 ns.

602 4451 646 4512 Et
660 4450 748 4512 idem
762 4450 784 4514 J
785 4447 927 4512 ohannes
941 4448 1050 4528 habet,
1065 4457 1128 4514 eto.

601 4596 698 4673 Item,
714 4595 898 4680 Margareta
912 4592 1076 4674 Chalhett,
1093 4595 1133 4658 de
1158 4593 1304 4674 London,
1324 4595 1377 4657 die
1398 4597 1461 4657 eto.
1487 4591 1551 4656 fuit
1579 4592 1689 4656 seisita
1712 4591 1753 4655 de
1779 4592 1877 4655 certis
1903 4593 1994 4656 terris
2018 4597 2052 4655 et

556 4685 755 4747 tenementis
769 4685 803 4745 in
819 4681 987 4745 hundredo
1003 4683 1159 4766 predicto,
1175 4703 1238 4766 que
1253 4682 1361 4745 valent
1376 4685 1438 4745 eto.
1452 4703 1517 4745 ms.

600 4828 698 4904 Item,
722 4826 968 4889 Bartholomeus
991 4831 1062 4889 atte
1086 4825 1202 4902 Forde‚
1218 4825 1258 4888 de
1281 4824 1467 4904 Centauris,
1492 4869 1780 4886 ......
1806 4820 1883 4898 ,die
1898 4824 1973 4900 etc„
1988 4821 2053 4887 fuit

555 4916 684 4978 seisitus
699 4915 851 4977 desertis
866 4915 958 4977 terris
973 4917 1008 4977 et
1023 4915 1221 4976 tenementis
1236 4915 1272 4976 in
1287 4911 1455 4974 hundredo
1469 4910 1626 4994 predict0‚
1642 4928 1705 4991 que
1720 4907 1828 4971 valent
1842 4913 1905 4972 eto.
1922 4929 1972 4973 xx.
1980 4931 2006 4973 s.

600 5003 645 5066 Et
658 5003 746 5066 idem
763 5001 1007 5065 Bartholomeus
1022 5001 1132 5079 habet,
1146 5007 1209 5065 ete.

596 5146 694 5222 Item,
710 5146 858 5228 priorissa
872 5147 913 5209 de
928 5144 1109 5224 Derteford,
1127 5145 1180 5207 die
1195 5148 1258 5209 stc.
1275 5143 1339 5206 fuit
1354 5143 1465 5206 seisita
1492 5140 1532 5205 ds
1549 5143 1645 5205 certis
1672 5139 1765 5204 terris
1789 5142 1825 5204 st
1850 5141 2050 5204 tenementis

553 5237 588 5298 in
603 5234 771 5297 hundredo
786 5234 941 5316 predicto,
957 5253 1018 5315 que
1033 5233 1144 5296 valent
1158 5240 1219 5296 eto.
1238 5253 1323 5296 xmo.

597 5322 642 5384 Et
657 5322 770 5385 eadem
788 5323 936 5404 priorissa
949 5321 1047 5384 habet
1064 5326 1127 5385 etc.

594 5466 682 5530 Item
709 5465 891 5528 Willelmus
916 5465 1100 5549 Bonynton,
1125 5464 1164 5527 de
1186 5460 1382 5546 Wyngham‚
1405 5461 1606 5546 gentyiman,
1633 5460 1687 5523 die
1701 5463 1764 5523 eto.
1781 5457 1845 5522 suit
1862 5459 1995 5525 seisitus
2011 5460 2050 5525 ds

552 5556 652 5619 certis
666 5554 760 5616 terris
776 5558 809 5615 et
825 5556 1024 5615 tenementis
1038 5555 1073 5615 in
1090 5552 1258 5616 hundredo
1274 5551 1429 5635 predicto,
1445 5570 1505 5633 qne
1521 5548 1631 5613 valent
1647 5551 1710 5612 eto.
1727 5547 1804 5612 xis.

596 5642 642 5704 Et
656 5641 744 5704 idem
760 5639 941 5702 Willelmus
956 5640 1064 5719 habet,
1082 5649 1145 5705 eto.

593 5785 691 5865 Item,
720 5785 878 5848 Henrious
908 5783 1024 5863 Blank,
1054 5785 1095 5848 de
1125 5785 1242 5866 Dovor,
1276 5783 1329 5845 die
1357 5787 1421 5846 eto.
1453 5781 1518 5843 fuit
1544 5779 1673 5844 seisitus
1702 5777 1740 5841 de
1777 5780 1873 5842 sertis
1895 5780 1990 5845 terris
2015 5785 2050 5844 et

551 5875 746 5938 tenementis
760 5873 795 5935 in
810 5871 977 5936 hundredo
992 5873 1147 5955 predicto,
1163 5893 1225 5956 qne
1240 5871 1348 5934 valent
1365 5873 1427 5934 eto.
1444 5890 1508 5934 ns.
