5000 7050
1133 1072 1217 1139 AJ).
1243 1075 1339 1140 1428.
1922 1073 1985 1141 605

606 1357 764 1424 Ecclesia.
900 1371 905 1384 ·
1637 1363 1725 1427 velet
1739 1382 1796 1446 per
1811 1381 1945 1429 annum.

520 1492 631 1558 Sancti
646 1495 818 1560 Michaelis
832 1497 873 1560 ad
889 1496 1020 1562 Placita
1072 1539 1591 1551 ------
1745 1521 1828 1566 xx.a.

520 1629 633 1694 Sancti
647 1632 739 1696 Petri
754 1634 795 1698 de
811 1634 991 1720 Hundgatc
1072 1675 1592 1686 ------
1725 1658 1828 1702 xxxs.

521 1767 715 1834 Sanctorum
731 1773 958 1855 Apostolorum
976 1773 1119 1840 Simonis
1133 1780 1166 1836 et
1183 1772 1204 1837 J
1206 1773 1268 1836 ude
1378 1813 1389 1824 -
1478 1814 1489 1824 ·
1581 1815 1591 1825 ·
1746 1797 1828 1840 xus.

521 1904 631 1971 Sancti
659 1907 791 2010 Georgii
816 1916 896 1974 ante
921 1919 1030 1993 portas
1054 1910 1197 1974 Ecclesia
1222 1909 1424 1975 Catbedralis
1448 1911 1584 2024 Sanctep

607 1997 779 2060 Trinitatis
795 1997 932 2061 Norwici
1044 2038 1564 2050 ------
1571 2029 1579 2078 μ

520 2131 631 2196 Sancti
646 2133 785 2198 Martini
799 2141 877 2198 ante
894 2138 1003 2217 portas
1018 2134 1140 2198 Palacii
1157 2133 1370 2199 Norwicensis
1385 2135 1528 2219 episcopi
1585 2174 1596 2186 -
1751 2136 1794 2200 xl.
1804 2159 1829 2202 a.

520 2271 632 2335 Sancti
647 2272 757 2356 Egidii
774 2273 807 2335 in
824 2273 897 2337 vico
911 2273 953 2337 de
968 2272 1193 2337 Holmsstrete
1271 2313 1282 2324 ·
1373 2314 1383 2325 -
1474 2315 1484 2325 -
1576 2315 1587 2325 -
1741 2295 1828 2340 aas.

520 2458 569 2522 De
584 2478 648 2543 quo
662 2459 796 2544 quidem
811 2460 957 2524 subsidio
970 2460 1117 2544 predicto
1131 2461 1393 2525 inhahitancium
1406 2462 1573 2527 domicilia
1594 2463 1781 2528 tenencium
1804 2465 1982 2549 cujuslibet

476 2546 628 2629 parochie
658 2548 804 2631 predicte
839 2549 935 2633 juxta
970 2569 1118 2613 annuum
1154 2550 1298 2613 valorem
1335 2549 1541 2614 ecclesiarum
1579 2551 1800 2633 predictarum
1832 2555 1981 2636 superius

477 2654 700 2717 expressarum
716 2635 856 2718 predicti
870 2636 1056 2700 collectores
1070 2636 1160 2701 dicto
1175 2637 1310 2701 domino
1324 2637 1392 2721 regi
1408 2643 1485 2700 sunt
1500 2640 1692 2721 responsuri.

521 2771 566 2833 Et
575 2771 729 2922 allisum&
741 2772 880 2836 ulterius
908 2772 995 2855 quod
1024 2771 1110 2837 infra
1131 2774 1271 2837 sardam
1297 2773 1479 2858 predictam
1509 2794 1575 2838 non
1606 2780 1683 2839 sunt
1713 2775 1819 2859 plures
1849 2775 1981 2841 ecclesie

477 2879 575 2943 paroc
598 2879 630 2921 ra
643 2879 677 2923 cs
730 2880 759 2925 o.

979 3079 1106 3144 Waans
1129 3099 1172 3143 nu
1196 3079 1476 3146 CONESFORD.

521 3237 698 3323 Inquisicio
712 3241 808 3321 capta
822 3237 858 3300 in
875 3236 1010 3299 civitate
1027 3234 1169 3300 Norvici
1183 3236 1238 3300 die
1254 3237 1348 3301 Lune
1363 3239 1511 3324 proxima
1532 3242 1611 3302 ante
1633 3237 1756 3302 festum
1778 3237 1983 3303 Asceusionis

477 3324 612 3388 Domini
637 3344 723 3388 anno
747 3325 841 3409 regni
866 3326 955 3408 regis
981 3323 1118 3386 Henrici
1150 3325 1236 3386 sexti
1261 3330 1334 3408 post
1360 3331 1573 3412 conquestum
1598 3331 1689 3390 sexto
1719 3345 1828 3388 coram
1859 3327 1983 3391 Thoms

478 3413 617 3496 Ingham
655 3423 690 3474 et
727 3410 876 3478 Johanne
908 3408 1077 3473 Alderiord
1109 3411 1335 3475 collectoribus
1366 3419 1435 3475 tam
1470 3413 1640 3498 cujusdam
1670 3412 1807 3492 subsidii
1836 3411 1894 3479 dcc.
1925 3436 1983 3498 per

478 3500 662 3567 Johannem
685 3497 839 3578 Folkard‚
867 3495 1089 3562 Alexandrum
1114 3497 1258 3579 Buxton,
1282 3498 1487 3564 Willclmum
1513 3500 1833 3588 Kyng,¹Johannem
1862 3501 1982 3584 Storm,

478 3587 660 3654 Johannem
684 3587 835 3663 Thomas,
859 3585 1038 3649 ltobertum
1061 3584 1207 3663 Brownc,
1230 3587 1411 3653 Johannem
1434 3588 1615 3672 Dumning‚
1641 3588 1823 3652 Johannem
1848 3590 1983 3669 Gerard,

480 3672 662 3740 Johannem
678 3674 813 3752 Lombe,
829 3672 1013 3739 Johannem
1029 3672 1190 3750 Hermen,
1204 3674 1386 3739 Johannem
1409 3674 1546 3760 Redyng
1561 3681 1596 3738 et
1610 3673 1875 3739 Bartholomsum
1898 3676 1981 3741 Blak

478 3762 636 3847 juratores
651 3761 756 3823 warde
772 3761 811 3824 dc
827 3759 1011 3838 Conesiord‚
1034 3760 1091 3844 qui
1106 3759 1222 3824 dicunt
1236 3782 1333 3844 super
1347 3770 1587 3825 sacramentum
1603 3782 1697 3825 suum
1713 3763 1799 3848 quod
1815 3764 1849 3825 in
1866 3764 1981 3827 eadem

478 3850 584 3911 warda
605 3849 646 3911 de
669 3846 845 3911 Oouesfcrd
869 3854 947 3911 sunt
964 3846 1076 3909 decem
1090 3854 1125 3910 at
1140 3868 1256 3911 novem
1273 3848 1472 3931 parochiales
1488 3848 1635 3927 ecclesie,
1650 3870 1786 3935 quarum
1800 3851 1934 3915 nomina
1947 3860 1983 3917 et

479 3937 581 4000 annui
595 3935 719 4000 valores
732 3936 869 3998 inferius
883 3934 1095 3998 continentur
1110 3944 1145 3997 et
1160 3934 1387 4017 specificantur
1399 3935 1564 4003 videlicet.

475 4124 478 4129 ’
521 4122 667 4187 Ecclesia
704 4121 816 4186 Sancti
860 4122 973 4190 Jacohi
1009 4123 1051 4186 de
1086 4120 1238 4189 Oarhove
1276 4129 1368 4191 extra
1403 4129 1513 4209 portas
1547 4125 1637 4189 dicte
1674 4126 1818 4190 civitatis
1854 4133 1983 4191 vocatas

478 4208 751 4295 Gouesfordyatis,
780 4210 864 4274 infra
892 4230 991 4294 quam
1019 4210 1207 4292 parochiam
1236 4232 1303 4275 nou
1334 4219 1412 4275 sunt
1442 4212 1555 4276 decem
1591 4232 1725 4296 persone
1761 4212 1982 4278 inhabitantes

478 4297 644 4361 domicilia
674 4302 824 4360 tenentes
855 4305 906 4360 set
934 4303 1065 4360 tantum
1097 4300 1252 4383 quinque,
1282 4299 1323 4363 ds
1353 4300 1469 4383 quibus
1499 4302 1642 4385 quinque
1672 4302 1818 4384 personis
1855 4300 1981 4364 dictum

477 4384 658 4449 subsidium
689 4384 787 4468 juxta
832 4387 1075 4448 concessionem
1123 4386 1272 4472 ejusdem
1320 4406 1386 4450 non
1430 4394 1481 4450 est
1528 4386 1713 4468 levandum,
1750 4388 1980 4473 colligendum,

479 4492 540 4536 nec
554 4472 791 4555 recipiendum.

525 4608 589 4677 Sed
604 4608 688 4672 infra
705 4611 831 4692 portam
846 4605 934 4671 dicte
950 4608 1094 4673 civitatis
1109 4615 1158 4674 est
1174 4610 1309 4675 ecclesia
1321 4610 1433 4679 Sancti
1442 4612 1532 4677 Petri
1541 4613 1580 4675 de
1592 4610 1785 4698 Southgate
1798 4632 1860 4697 que
1872 4614 1982 4678 valent

481 4716 676 4782 perannum
691 4716 778 4761 xm.
795 4701 830 4758 et
846 4715 911 4759 non
926 4694 1012 4778 plus.

520 4821 663 4897 Ecclesia
680 4833 872 4899 Sanctorum
894 4832 1043 4897 Edwardi
1056 4841 1091 4897 et
1106 4833 1243 4913 Juliani,
1264 4856 1328 4921 que
1351 4835 1535 4900 adinvicem
1558 4842 1634 4900 sunt
1649 4857 1782 4917 annexa,
1794 4836 1902 4902 valant
1926 4858 1983 4922 per

479 4942 602 4985 anuum
617 4920 696 4986 xla.
720 4925 754 4982 et
769 4939 834 4983 non
852 4920 936 5002 plus.
1040 4968 1043 4971 .

521 5058 666 5122 Ecclesia
680 5056 798 5121 Sancte
812 5056 1009 5122 Etheldrede
1025 5058 1113 5122 valet
1128 5081 1185 5143 per
1200 5079 1322 5123 annum
1390 5101 1807 5113 ·····
1895 5083 1980 5127 xus.

521 5196 666 5261 Ecclesia
680 5194 791 5257 Sancti
807 5192 986 5257 Clementis
1000 5195 1041 5257 de
1057 5195 1230 5259 Conesford
1246 5198 1330 5260 valet
1346 5218 1404 5281 per
1419 5218 1541 5261 annum
1595 5240 1605 5250 -
1697 5240 1707 5250 -
1798 5240 1808 5251 -
1898 5220 1981 5265 xus.

520 5332 664 5397 Ecclesia
678 5332 789 5395 Sancti
804 5330 894 5394 Petri
909 5331 949 5396 de
965 5332 1232 5419 Permontergate
1248 5335 1334 5399 valet
1349 5354 1542 5416 perannum
1597 5375 1608 5387 -
1701 5377 1711 5388 -
1746 5410 1748 5417 A
1803 5376 1814 5387 -
1904 5338 1979 5403 lx.s.

521 5470 665 5534 Ecclesia
679 5468 792 5531 Sancti
807 5468 942 5531 Vedasti
959 5469 1045 5532 valet
1061 5490 1119 5553 per
1133 5492 1293 5535 annum·
1384 5512 1394 5523 -
1485 5508 1498 5524 -1
1588 5512 1599 5524 -
1689 5514 1701 5525 -
1792 5514 1803 5525 -
1892 5495 1980 5541 xx.a.

520 5607 663 5670 Ecclesie
674 5603 788 5667 Sancti
799 5601 946 5668 (lotberti
955 5611 989 5668 et
1001 5604 1118 5670 Sancte
1129 5607 1235 5672 Maria
1246 5608 1359 5687 Parve,
1370 5630 1434 5695 qne
1444 5610 1627 5674 adinvicem
1642 5615 1719 5675 sunt
1730 5610 1982 5760 annexe,valpnt

481 5716 537 5779 per
550 5714 674 5758 annum
786 5730 1814 5750 ...........
1901 5718 1922 5760 X
1938 5722 1980 5764 ·8,

519 5833 666 5899 Ecclesia
690 5828 810 5894 Sancte
834 5828 939 5893 Maris
965 5831 1007 5894 de
1030 5831 1172 5895 Marisco
1195 5833 1282 5898 infra
1307 5837 1407 5899 situm
1428 5836 1620 5899 monasterii
1638 5836 1772 5899 ecclesie
1788 5836 1981 5900 cathedralis

479 5922 596 5987 Sancte
610 5918 783 5983 'lhinitatis
799 5917 936 5982 Norwici
953 5918 1041 5981 valet
1056 5940 1115 6003 per
1131 5940 1299 5985 annum·
1392 5963 1402 5974 -
1494 5962 1505 5973 ·
1596 5964 1606 5973 -
1697 5962 1722 5975 -·
1798 5964 1809 5977 ·
1897 5945 1981 5991 aas.
