5000 7050
575 1049 639 1115 roo
1222 1050 1429 1153 unrocus.

614 1337 664 1415 De
686 1337 827 1403 Roberto
848 1340 889 1403 de
910 1339 1016 1404 Iriord
1032 1346 1067 1404 et
1082 1339 1214 1405 Simone
1228 1342 1260 1405 le
1275 1340 1439 1406 Varasour
1453 1341 1641 1406 tenentibus
1655 1344 1680 1428 1⁸.
1697 1342 1720 1408 f.
1737 1363 1782 1409 nr.
1800 1342 1834 1404 in
1851 1342 2074 1409 Honsrucrou

572 1431 608 1489 et
625 1424 799 1504 Snrcroan,
814 1426 900 1509 quod
916 1427 1097 1491 Willelmus
1111 1428 1152 1493 de
1167 1428 1292 1513 Billsby
1308 1429 1471 1513 quondam
1487 1430 1607 1494 tenuit.

616 1562 665 1628 De
691 1563 854 1627 Willelmo
879 1562 999 1627 Tochet
1025 1569 1157 1629 tenente
1181 1565 1244 1651 iiij.
1261 1574 1389 1649 partem
1415 1566 1441 1649 j.
1456 1566 1479 1630 f.
1495 1568 1529 1629 in
1558 1568 1733 1648 Bununnrr,
1757 1567 1844 1652 quod
1858 1564 2019 1630 Robertus
2034 1566 2073 1629 de

577 1649 691 1713 Nevile
706 1652 870 1733 quondom
885 1654 1005 1717 tenuit.

618 1788 666 1851 De
681 1786 835 1874 Philippo
849 1788 890 1852 de
906 1786 1061 1871 Clathorp
1077 1794 1111 1853 et
1134 1790 1277 1853 Roberto
1300 1790 1340 1852 de
1360 1790 1459 1853 Welle
1481 1791 1670 1855 tenentibus
1695 1792 1742 1857 di.
1759 1791 1782 1855 l.
1801 1795 1833 1855 et
1851 1788 1923 1877 viij.
1939 1795 2075 1874 partem,

574 1876 659 1958 quod
675 1874 849 1938 Gervasius
863 1876 904 1939 de
919 1875 1027 1959 'Phorp
1043 1876 1206 1959 quondam
1221 1879 1329 1940 tenuit
1345 1879 1379 1939 in
1399 1877 1624 1945 Sonnrnnnssr.

616 2012 666 2075 De
680 2011 796 2076 abbate
811 2013 851 2079 de
867 2012 1011 2097 Revesby
1026 2019 1158 2077 tenente
1173 2014 1244 2100 viij.
1261 2018 1386 2098 partem
1402 2015 1483 2077 dicti
1500 1990 1530 2079 fs
1538 2018 1573 2078 in
1593 2016 1818 2082 Scurrnrrsssr.

615 2150 665 2213 De
690 2150 795 2233 priore
819 2149 1003 2234 Hospitalis
1030 2150 1142 2215 Sancti
1165 2152 1326 2214 Johannis
1352 2150 1532 2216 Jerusalem
1558 2152 1593 2214 in
1619 2152 1739 2237 Anglia
1765 2156 1899 2215 tenente
1927 2156 2074 2233 quartum

574 2242 701 2322 partem
716 2237 799 2301 dicti
812 2237 836 2302 f.
851 2238 886 2300 in
902 2238 1027 2301 eadem.

617 2374 665 2438 De
679 2373 828 2438 Johanne
839 2376 880 2438 de
891 2375 1007 2438 Bohun
1020 2381 1054 2439 et
1069 2375 1223 2457 Philippo
1238 2373 1393 2459 Chauncy
1408 2376 1599 2441 tenentibus
1613 2376 1662 2461 iij.
1676 2380 1802 2459 partem
1818 2382 1854 2440 et
1868 2376 1937 2463 viij.
1951 2381 2076 2461 partem

573 2462 894 2634 {lulssl'affiffiff’
910 2464 1112 2540 Scanrrnnn,
1129 2468 1164 2525 et
1178 2464 1452 2543 Haunsnuorrnu,
1469 2464 1553 2547 quod
1581 2462 1748 2527 Galfridus
1771 2463 1812 2526 de
1838 2461 2074 2547 Benyngworth

615 2687 665 2751 Dc
678 2686 796 2751 abbate
811 2686 851 2749 de
866 2686 1012 2769 Reresby
1029 2692 1163 2750 tenente
1177 2688 1228 2773 iij.
1245 2640 1356 2770 partes
1371 2688 1536 2751 dictorum
1551 2688 1574 2752 f.
1591 2690 1626 2751 in
1642 2687 1797 2771 predictis
1813 2687 1910 2753 villis.

616 2826 665 2890 De
680 2825 785 2909 priore
800 2824 840 2888 de
855 2824 1013 2909 Ormcsby
1028 2830 1161 2889 tenente
1177 2826 1247 2912 viij.
1263 2830 1392 2910 partem
1408 2784 1609 2890 dictorum'f.
1625 2826 1660 2886 in
1677 2823 1831 2906 predictis
1846 2824 1944 2894 villis.

523 2946 533 2969 '
616 2963 665 3027 De
689 2961 837 3027 Johanne
863 2963 904 3026 de
931 2962 1102 3046 Langeton
1124 2969 1254 3027 tenente
1278 2964 1330 3049 iij.
1358 2968 1484 3045 partem
1509 2964 1534 3047 j.
1551 2963 1574 3025 f.
1600 2964 1635 3025 in
1664 2962 1853 3040 Leucarou,
1878 2962 1964 3045 quod
1988 2961 2073 3025 idem

571 3051 593 3114 J
595 3051 736 3115 ohannes
750 3050 913 3133 quondam
929 3053 1045 3114 tenuit.

615 3179 664 3243 De
677 3178 795 3244 abbate
809 3180 850 3243 de
864 3178 1069 3263 Kyrlrestede
1084 3185 1220 3243 tenente
1235 3180 1294 3265 xij.
1312 3184 1440 3263 partem
1456 3177 1592 3262 predicti
1608 3176 1632 3242 f.
1648 3177 1684 3239 in
1700 3178 1893 3244 Leucados.

574 3408 581 3422 ι
614 3317 863 3468 Dedflospitale
888 3318 1101 3401 leprosorum
1125 3324 1217 3381 extra
1242 3317 1447 3381 Lincolniam
1474 3320 1611 3381 tenente
1631 3316 1736 3402 xxiiij.
1753 3322 1881 3398 partem
1894 3316 2068 3399 predictis

571 3425 607 3469 ιιι
623 3426 663 3469 ea
685 3425 747 3469 em.
1730 3436 1732 3443 v

615 3543 664 3608 De
677 3545 783 3627 priore
799 3543 980 3628 Hospitalis
995 3545 1108 3608 Sancti
1124 3542 1284 3608 Johannis
1297 3542 1478 3608 Jerusalem
1494 3542 1529 3604 in
1544 3541 1663 3626 Anglia
1678 3545 1813 3606 tenente
1829 3541 1934 3627 xxiiij.
1950 3546 2076 3624 partem

572 3632 656 3695 dicti
670 3636 693 3695 ι’.
710 3633 744 3694 in
760 3631 875 3695 eadem
890 3631 979 3696 villa.

616 3769 665 3834 De
679 3768 805 3833 Thema
819 3769 859 3832 de
874 3771 978 3854 Dalby
993 3776 1128 3834 tenente
1143 3772 1188 3856 vj.
1205 3777 1330 3853 partem
1356 3777 1390 3833 et
1412 3771 1518 3857 xxiiij.
1534 3775 1660 3853 partem
1684 3772 1708 3855 j.
1726 3769 1750 3834 f.
1765 3770 1800 3834 in
1826 3769 2019 3838 Snusrrroue
2042 3774 2075 3831 et

573 3859 764 3936 Lunenses,
780 3861 815 3920 et
830 3857 920 3936 alibi,
936 3858 1023 3942 quod
1038 3860 1151 3922 Simon
1165 3859 1208 3922 de
1221 3859 1326 3941 Dalby
1342 3858 1506 3940 quondam
1522 3858 1642 3922 tenuit.

572 4079 606 4143 di
615 3992 784 4143 lielpriooe
800 3992 982 4076 Hospitalis
996 3994 1107 4057 Sancti
1123 3993 1145 4056 J
1146 3994 1283 4057 ohannis
1298 3993 1476 4057 Jerusalem
1493 3993 1528 4054 in
1544 3991 1664 4074 Anglia
1678 3994 1812 4055 tenente
1827 3990 1933 4076 xxiiij.
1949 3995 2075 4072 partem

606 4101 625 4143 c
683 4129 690 4144 .

617 4216 665 4281 De
693 4216 810 4281 abbate
840 4217 880 4281 de
909 4218 1111 4301 Kyrkestede
1143 4223 1278 4282 tenente
1306 4218 1412 4303 xxiiij.
1444 4221 1568 4301 partem
1598 4217 1621 4301 j.
1647 4218 1670 4282 f.
1702 4217 1735 4278 in
1770 4216 1962 4292 benennon,
1991 4187 2076 4298 quod

573 4303 736 4369 Walterus
751 4305 792 4369 de
806 4304 972 4369 Grandale
987 4305 1151 4388 quondam
1166 4307 1288 4370 tenuit.

615 4442 665 4505 De
690 4443 834 4527 capitulo
859 4443 1028 4506 Lincolnie
1053 4448 1188 4508 tenente
1212 4443 1319 4525 xxiiij.
1347 4446 1474 4524 partem
1500 4441 1584 4504 dicti
1612 4440 1635 4508 f.
1666 4440 1753 4524 qnod
1777 4439 1888 4505 dictus
1915 4438 2076 4501 Walterus

554 4531 736 4618 ‚quondam
752 4531 871 4596 tenuit.

617 4663 666 4727 De
695 4663 800 4746 priore
828 4663 869 4726 de
899 4663 1055 4748 Ormesby
1085 4669 1220 4727 tenente
1251 4665 1300 4752 iij.
1331 4669 1457 4749 partem
1488 4669 1523 4726 et
1546 4663 1616 4748 viij.
1646 4667 1772 4744 partem
1801 4661 1826 4745 j.
1857 4657 1880 4722 f.
1906 4659 1942 4720 in
1968 4659 2075 4722 Parrus

574 4751 792 4830 Guruussnr,
806 4751 892 4834 quod
906 4751 1077 4815 Galfridus
1092 4752 1133 4814 de
1149 4748 1391 4836 Benyngwrthe
1406 4749 1569 4834 quondam
1583 4750 1705 4813 tenuit.

574 4970 606 5034 d·
616 4883 820 5034 Igcfpriozd
818 4883 1000 4967 Hospitalis
1015 4884 1128 4948 Sancti
1143 4882 1303 4948 Johannis
1316 4884 1500 4948 Jerusalem
1521 4885 1556 4946 in
1574 4883 1692 4966 Anglia
1707 4885 1843 4944 tenente
1859 4879 1930 4964 viij.
1947 4883 2074 4961 partem

596 4991 657 5034 rcr
685 4991 744 5033 .1n
819 4991 883 5037 em.

574 5108 821 5262 teDetiloberto
835 5110 876 5175 de
891 5111 1073 5197 Abyngdon
1089 5117 1223 5176 tenente
1240 5113 1265 5198 j.
1282 5113 1305 5176 f.
1321 5111 1354 5174 in
1372 5111 1464 5186 laur,
1478 5109 1563 5192 quod
1578 5106 1746 5172 Johannes
1763 5105 1887 5169 Wabod
1912 5103 2075 5186 quondam

608 5216 668 5260 nur
687 5245 695 5261 .

617 5347 668 5412 De
698 5346 862 5411 Willelmo
890 5347 991 5412 cause
1020 5357 1152 5414 tenente
1183 5352 1253 5437 viij.
1283 5355 1410 5432 partem
1439 5349 1464 5435 j.
1496 5349 1519 5413 f.
1546 5350 1581 5411 in
1607 5348 1749 5426 Annssr,
1775 5344 1862 5430 qnod
1886 5343 2008 5406 Alanru
2034 5339 2074 5401 de

574 5434 771 5519 Benyngton
785 5436 949 5518 quondam
964 5440 1084 5502 tenuit.

617 5584 668 5648 De
693 5584 867 5670 Ranulpho
889 5587 931 5650 de
956 5586 1076 5671 Otteby
1092 5592 1225 5652 tenente
1248 5589 1300 5675 iij.
1315 5595 1424 5671 partes
1449 5591 1481 5650 et
1509 5587 1579 5672 viij.
1596 5589 1726 5674 partem
1740 5585 1765 5672 j.
1782 5584 1806 5650 f.
1823 5602 1867 5648 m.
1882 5583 1917 5644 in
1932 5579 2073 5654 omnm,

574 5671 860 5756 quod-willelmus
875 5675 916 5738 de
932 5674 1054 5759 Otteby
1067 5675 1230 5759 quondam
1245 5677 1366 5740 tenuit.

574 5817 982 5970 ulffpliordadloepmffi
996 5819 1109 5886 Sancti
1123 5820 1284 5886 Johannis
1300 5820 1481 5886 Jerusalem
1498 5821 1531 5884 in
1547 5819 1667 5906 Anglia
1693 5823 1826 5884 tenente
1852 5815 1924 5904 viij.
1949 5815 2075 5898 partem

609 5924 656 5968 cr
685 5926 747 5974 ,ιιι
822 5926 888 5973 em.
