5000 7050
1062 1108 1143 1177 Α.Ι).
1169 1111 1263 1177 1346.
1873 1102 1914 1169 25

454 1402 501 1467 De
514 1403 634 1468 abbate
649 1402 693 1467 de
709 1403 888 1487 Laugedon
903 1424 963 1488 pro
977 1402 1001 1489 j
1016 1404 1180 1487 quarterio
1190 1402 1218 1487 j.
1231 1402 1255 1466 f.
1272 1401 1357 1486 quod
1374 1400 1532 1463 Henricus
1548 1400 1577 1462 le
1590 1397 1742 1482 Tayllour
1755 1397 1864 1460 tenuit
1880 1396 1912 1458 in

412 1489 592 1557 Lauauuou
609 1491 653 1555 de
672 1494 744 1570 (sic)
765 1492 949 1559 Swrurnno
963 1491 1005 1557 dc
1020 1492 1168 1555 Johanne
1184 1491 1277 1576 Oryel
1341 1525 1756 1540 -----
1844 1504 1875 1547 x.
1887 1508 1913 1548 a.

412 1628 504 1778 J?
529 1628 648 1693 abbate
674 1628 795 1693 Sancta
820 1628 1031 1715 Radeguudis
1057 1650 1114 1714 pro
1140 1630 1185 1693 di.
1210 1630 1234 1693 f.
1260 1630 1294 1691 in
1325 1630 1454 1693 Prsruo
1483 1626 1523 1689 de
1550 1624 1696 1689 Johanue
1725 1624 1766 1687 de
1796 1620 1916 1685 Sancto

434 1737 452 1778 0
477 1736 560 1780 anno
598 1752 1732 1769 ............
1820 1732 1872 1774 xx,
1885 1731 1911 1773 3,

454 1850 507 1914 De
522 1849 669 1935 predicto
683 1851 813 1929 abbate,
820 1858 854 1915 ct
868 1853 1026 1937 magistro
1040 1850 1164 1916 Domus
1178 1850 1240 1914 Dei
1256 1849 1411 1913 Dovorric
1425 1870 1481 1933 pro
1495 1848 1520 1933 j.
1533 1848 1556 1912 f.
1569 1847 1655 1932 apud
1671 1848 1811 1923 Pramo,
1829 1823 1915 1909 imde

412 1938 756 2094 isfdsfflffiffi
767 1943 860 2077 tenet
874 1939 910 2024 iij
922 1945 1056 2078 nartem
1071 1938 1111 2005 dc
1126 1939 1147 2003 J
1149 1940 1275 2078 ohan-ue
1291 1934 1564 2077 de.⁰h⁸n.¹p³5n.⁰'
1581 1942 1615 1998 et
1629 1935 1697 2073 ipse
1713 1934 1754 2072 ἀιθ
1768 1933 1789 1996 J
1790 1935 1915 2085 chaun?

456 2164 510 2229 De
522 2164 688 2229 willelmo
701 2165 744 2229 dc
760 2163 909 2229 Oriaston
925 2165 1042 2250 prodi.
1059 2165 1083 2229 f.
1099 2165 1185 2247 quod
1200 2162 1333 2228 heredes
1348 2162 1507 2227 Johauuis
1521 2112 1561 2225 de
1577 2159 1726 2223 Oriastou
1741 2165 1917 2223 tenuerunt

414 2253 447 2315 in
466 2252 722 2320 Sourneorsaua
737 2253 778 2317 de
792 2252 814 2317 J
814 2252 940 2318 ohanne
955 2253 996 2317 de
1010 2252 1129 2317 Sancto
1143 2252 1295 2316 «iohanne
1319 2286 1736 2302 -----
1824 2267 1876 2310 xx.
1887 2266 1913 2310 s.

457 2390 510 2453 De
524 2391 696 2455 heredibus
711 2391 862 2477 Hugonis
878 2390 1101 2475 champenoys
1115 2411 1173 2475 pro
1188 2391 1233 2455 di.
1247 2390 1269 2453 i.
1281 2389 1367 2475 quod
1383 2388 1543 2451 chricus
1557 2388 1597 2449 de
1614 2384 1790 2449 Goldeford
1806 2386 1914 2448 tenuit

413 2478 503 2561 apud
518 2478 673 2546 Wuanau
688 2478 729 2541 de
744 2478 893 2543 Galfrido
907 2479 948 2543 de
964 2480 1027 2562 Say
1115 2509 1735 2530 -------
1823 2493 1875 2537 xx.
1886 2492 1912 2535 a.

459 2616 512 2679 De
527 2585 646 2679 eisdem
669 2614 841 2681 heredibus
866 2639 925 2701 pro
945 2617 973 2703 j.
998 2619 1163 2702 quarterio
1185 2618 1212 2702 j.
1236 2616 1260 2682 f.
1286 2616 1370 2700 quod
1397 2615 1487 2678 idem
1512 2614 1672 2676 Hemicus
1699 2614 1809 2676 tenuit
1830 2612 1917 2695 apud

417 2705 579 2772 Swaurou
594 2710 628 2768 et
642 2703 790 2769 Jobauue
803 2705 988 2789 Malmayns
1032 2736 1755 2757 --------
1844 2722 1875 2765 x.
1887 2720 1914 2765 s.

461 2841 513 2905 De
526 2839 652 2906 Thomu
667 2842 817 2927 Aldelyn‚
830 2864 887 2928 per
902 2840 1085 2923 Matildam,
1100 2863 1232 2906 omrem
1246 2842 1275 2926 ej
1282 2862 1328 2922 us,
1344 2841 1445 2905 filiam
1461 2840 1597 2903 Waresii
1614 2840 1655 2902 de
1674 2837 1845 2923 Valoygm,
1858 2859 1917 2921 pro

412 2930 442 3013 j.
460 2932 486 2992 f.
501 2930 587 3013 quod
602 2931 735 2995 heredes
749 2931 884 2995 Roberti
899 2932 939 2994 de
953 2930 1109 3017 Hugham
1124 2937 1301 2995 tenuerunt
1317 2932 1359 2993 de
1375 2929 1505 2993 baronia
1521 2929 1561 2991 de
1576 2925 1727 2991 Chilham
1836 2926 1878 2990 xl.
1889 2946 1916 2991 a.

460 3066 513 3130 De
538 3068 709 3133 heredibus
734 3069 802 3132 Ade
826 3068 903 3133 Sare
926 3090 984 3153 pro
1008 3069 1054 3133 di.
1081 3068 1105 3134 f.
1131 3068 1217 3152 quod
1243 3066 1385 3130 Thomas
1411 3065 1541 3150 Basyug
1561 3065 1670 3128 tenuit
1695 3063 1781 3147 apud
1804 3064 1915 3128 Lusus

415 3156 570 3222 Huousu
584 3156 626 3221 de
640 3157 772 3220 baronia
786 3156 827 3220 de
843 3154 994 3221 Chiibam
1107 3192 1123 3205 ·
1211 3192 1226 3204 -
1314 3190 1329 3203 -
1417 3190 1431 3201 -
1519 3188 1531 3201 ·
1720 3185 1736 3198 -
1822 3170 1875 3215 xx.
1888 3172 1914 3214 a.

462 3290 515 3355 De
529 3288 693 3354 Wiilelmo
708 3288 828 3354 Archer
841 3311 900 3375 pro
914 3292 938 3376 j.
955 3292 1117 3373 quarterio
1132 3290 1156 3375 j.
1172 3289 1196 3354 f.
1217 3290 1303 3374 quod
1329 3287 1487 3351 Ricardus
1511 3286 1715 3365 Waldesaue‚
1745 3291 1778 3346 et
1803 3284 1918 3363 Alicia,

418 3376 491 3441 iilia
504 3376 662 3462 Stephani
677 3377 854 3463 Manem,
869 3384 1046 3447 tenuerunt
1058 3379 1144 3461 apud
1160 3378 1300 3444 Msxrou
1315 3384 1348 3440 et
1365 3378 1413 3441 La
1425 3376 1543 3441 Rusca
1558 3375 1598 3437 de
1612 3373 1725 3437 eadem
1741 3372 1885 3435 baronia.

1849 3480 1879 3521 x.
1892 3478 1918 3523 a.

465 3577 515 3642 De
528 3575 701 3642 herodibus
714 3577 735 3641 J
737 3579 872 3642 ohannis
887 3579 927 3642 de
942 3579 1041 3644 Herst
1057 3600 1113 3663 pro
1123 3578 1151 3663 j.
1164 3578 1329 3662 quarterio
1338 3577 1366 3661 j.
1376 3575 1400 3641 f.
1416 3576 1502 3659 quod
1518 3575 1624 3638 Hamo
1639 3573 1680 3637 de
1695 3573 1796 3636 Herst
1811 3572 1920 3635 tenuit

418 3666 454 3728 iu
472 3665 703 3733 Suuuaaasrou
718 3666 884 3731 decadem
899 3667 1032 3731 baronia
1132 3696 1757 3718 -------
1845 3681 1877 3723 x.
1891 3678 1918 3724 a.

467 3803 517 3867 De
539 3803 637 3867 Petro
660 3803 700 3867 de
724 3804 953 3890 Gyldesburgh
979 3825 1038 3889 pro
1057 3805 1084 3888 j.
1111 3804 1276 3888 quarterio
1300 3803 1324 3886 j.
1349 3803 1372 3866 f.
1398 3800 1482 3885 quod
1513 3800 1668 3884 magister
1691 3797 1858 3861 Johannes
1884 3798 1924 3860 de

423 3890 606 3977 Wyngham
620 3893 729 3955 tenuit
742 3892 829 3976 apud
847 3893 1110 3960 Suanarsawouu
1124 3893 1164 3955 de
1179 3898 1286 3956 castro
1302 3890 1457 3954 Dovorric
1547 3924 1563 3935 -
1647 3923 1663 3934 -
1749 3921 1764 3933 -
1850 3908 1880 3950 x.
1894 3905 1920 3950 a.

465 4029 515 4094 De
521 4030 694 4094 heredibus
703 4031 885 4094 Salomonis
895 4032 934 4095 de
945 4030 1121 4110 Holaue,et
1130 4031 1287 4114 magistro
1298 4028 1422 4094 Domus
1431 4027 1491 4090 Dei
1502 4025 1655 4089 Douorrie
1664 4044 1722 4107 pro
1725 4024 1753 4106 j.
1762 4025 1924 4109 quarterio

422 4118 446 4203 j.
459 4117 483 4182 f.
494 4118 577 4202 quod
594 4119 758 4182 Henricus
773 4119 815 4181 de
832 4119 960 4182 Holane
986 4125 1021 4182 et
1035 4119 1167 4182 domina
1190 4119 1230 4181 de
1243 4116 1435 4182 Cramaville
1445 4119 1621 4178 tenuerunt
1631 4112 1716 4196 apud
1732 4113 1860 4179 Somou
1882 4112 1922 4174 de

423 4205 655 4292 dominoroge,
670 4206 938 4289 uudepredictus
953 4208 1109 4290 magister
1124 4212 1217 4271 tenet
1233 4205 1269 4290 iij
1287 4211 1412 4288 partem
1443 4237 1458 4250 -
1544 4237 1559 4248 -
1649 4241 1659 4251 ·
1750 4236 1761 4246 -
1851 4221 1918 4264 aa.

422 4431 442 4492 d
468 4343 514 4493 li'e
527 4343 644 4496 atilobate
659 4343 774 4406 Sancti
789 4343 999 4429 Radegundis
1014 4366 1072 4428 pro
1086 4344 1111 4428 j.
1128 4344 1152 4409 f.
1168 4343 1253 4427 apud
1271 4343 1402 4408 Pouuou
1417 4341 1458 4404 de
1475 4339 1607 4402 domiuo
1627 4359 1712 4422 rege,
1737 4337 1778 4401 de
1806 4337 1925 4485 horliore

445 4452 462 4493 e
501 4452 535 4495 er
563 4453 602 4496 co
1835 4446 1855 4486 x
1872 4449 1916 4489 ‚a

466 4569 510 4634 De
535 4570 689 4634 Galuano
715 4566 835 4633 Corder
857 4589 914 4652 pro
929 4569 953 4653 j.
970 4570 994 4634 f.
1011 4569 1096 4653 quod
1112 4571 1227 4654 regina
1242 4567 1371 4653 Anglie,
1386 4566 1549 4650 quondam
1565 4585 1691 4628 consors
1705 4564 1800 4645 regis,
1818 4563 1926 4625 tenuit

425 4657 672 4726 inwnsromn
689 4657 731 4720 de
745 4656 859 4720 eodem
875 4656 991 4720 honore
1027 4692 1042 4704 ·
1129 4695 1144 4705 -
1233 4697 1244 4707 -
1318 4659 1323 4666 '
1334 4686 1751 4706 -----
1839 4649 1919 4714 xhs.

674 4820 941 4888 Summa-xxv.
955 4817 992 4883 li.
1010 4841 1039 4884 v.
1052 4842 1078 4883 s.
1094 4839 1151 4902 pro
1165 4818 1223 4901 xij.
1241 4817 1263 4881 f.
1281 4816 1325 4880 di.
1342 4821 1375 4880 et
1391 4816 1467 4900 viij⁸
1486 4821 1580 4898 parte
1591 4814 1619 4899 j.
1637 4815 1660 4880 f.

892 5188 1112 5267 Huuuauourr
1135 5209 1179 5253 na
1201 5185 1455 5252 BLENGATE.

466 5373 512 5438 Da
545 5377 669 5440 abbate
707 5372 825 5436 Sancti
853 5372 1033 5458 Augustini
1070 5373 1242 5438 cantuarie
1272 5374 1308 5434 et
1345 5367 1469 5432 Thomu
1499 5368 1539 5431 de
1569 5367 1655 5452 Seyn
1686 5367 1843 5432 Nicholas
1868 5390 1926 5454 pro

425 5458 450 5541 j.
465 5466 624 5545 quartario
634 5462 665 5546 j.
683 5461 707 5524 f.
725 5457 811 5543 quod
825 5459 913 5524 idem
928 5460 1026 5525 abbas
1040 5469 1074 5523 et
1090 5460 1251 5524 Walterus
1266 5459 1307 5522 de
1324 5457 1447 5521 Shorue
1473 5461 1651 5520 tenuerunt
1675 5457 1710 5518 in
1739 5457 1926 5523 Cmsuausu

429 5546 466 5646 de
489 5551 597 5615 eodem
623 5547 761 5625 abbate,
786 5547 876 5611 uude
898 5547 985 5612 idem
1011 5548 1109 5611 abbas
1132 5553 1224 5611 tenet
1244 5547 1289 5611 di.
1307 5545 1521 5630 quarterium,
1536 5551 1575 5607 ut
1588 5550 1790 5627 compertum
1807 5551 1857 5607 est
1871 5565 1927 5628 per

428 5639 668 5718 inquisicionem
736 5666 1769 5686 -----------
1857 5653 1924 5696 ms.

467 5799 512 5864 Da
526 5801 651 5866 Thoma
667 5799 711 5863 de
727 5798 826 5881 Grey,
843 5803 875 5860 et
891 5799 980 5862 Luca
993 5800 1033 5862 de
1049 5797 1282 5874 Sbameleford,
1297 5817 1353 5880 pro
1368 5797 1413 5861 di.
1432 5794 1454 5860 f.
1472 5795 1557 5878 quod
1574 5793 1717 5880 predicti
1733 5793 1873 5858 Thomas
1894 5802 1927 5857 et

431 5884 524 5954 Lucas
544 5894 663 5956 tenent
678 5888 713 5950 in
731 5887 854 5955 Oasin
870 5885 1056 5953 Hoonaouu
1072 5887 1113 5950 ds
1129 5887 1217 5950 dicto
1231 5885 1347 5950 abbate
1425 5922 1436 5934 -
1524 5916 1539 5928 -
1629 5921 1639 5932 ·
1730 5915 1745 5928 ·
1837 5902 1927 5947 xxa.
