5000 7050
1161 1091 1244 1158 ΑΔ).
1268 1094 1365 1157 1346.
1944 1092 2007 1157 607

555 1374 717 1440 Robertus
730 1375 821 1442 Glere
836 1382 929 1443 tenet
944 1381 979 1444 ia
994 1380 1112 1447 Bonan
1127 1381 1172 1445 di.
1189 1381 1213 1445 l.
1229 1402 1275 1445 m.
1287 1380 1329 1444 de
1340 1380 1506 1444 Willelmo
1521 1380 1561 1444 de
1577 1379 1609 1443 la
1624 1378 1758 1457 Rckele
1773 1385 1808 1443 et
1823 1379 2010 1442 willelmus

511 1460 742 1613 ‹tlpmpipmilirpa
767 1464 970 1604 Mareeoallm
995 1472 1029 1605 et
1054 1468 1169 1606 callem
1195 1469 1237 1605 de
1262 1488 1348 1605 repe,
1371 1469 1458 1605 qapd
1484 1466 1646 1605 Hearicus
1672 1466 1832 1604 de-Rose-
1846 1465 2009 1619 qnorppupr

555 1685 734 1771 Episcopus
757 1689 892 1753 Norrrici
919 1695 1010 1755 tenet
1032 1691 1066 1753 ia
1090 1692 1264 1757 Roaaasau
1280 1692 1462 1755 manerium
1477 1711 1571 1754 suum
1588 1711 1642 1774 per
1657 1690 1703 1756 di.
1718 1689 1743 1756 f.
1760 1711 1804 1755 m.
1821 1691 1862 1754 de
1876 1689 2009 1754 domino

510 1793 597 1876 rege,
610 1780 814 1858 spectantem
828 1777 868 1840 ad
884 1778 1049 1841 baroniam
1064 1799 1168 1857 suam,
1177 1780 1263 1863 quod
1279 1778 1299 1842 J
1301 1778 1411 1843 allana
1424 1778 1546 1842 Pecohe
1562 1779 1725 1864 quondam
1741 1778 1851 1843 tenuit
1865 1777 1906 1842 de
1921 1778 2010 1841 dicto

512 1880 662 1945 eplsoopo
711 1902 1833 1917 ............
1922 1887 2008 1931 xm,

555 1993 719 2061 lohannes
733 1999 862 2063 Holbek
878 2006 913 2063 et
929 2000 1068 2065 Isabella
1082 2000 1161 2063 uxor
1176 2000 1259 2084 ejus,
1275 2001 1433 2065 Ricardus
1451 2003 1519 2079 (aio)
1540 2001 1581 2063 de
1606 2000 1779 2086 Berkyngg
1805 2007 1839 2064 et
1860 1998 2010 2065 Johauaa

512 2101 593 2146 uxor
607 2084 677 2168 ejus
692 2091 806 2150 tenent
827 2083 892 2173 [in]
913 2088 1088 2153 Bonnam
1103 2108 1205 2151 naum
1221 2089 1423 2172 quarterium
1438 2088 1461 2152 f.
1479 2108 1523 2152 m.
1540 2109 1596 2171 per
1621 2087 1753 2173 equales
1780 2089 1946 2171 porciones
1968 2087 2009 2151 de

513 2167 637 2235 Thoma
651 2172 692 2235 de
707 2172 949 2259 Hnatyngleld,
966 2175 1103 2239 elidem
1119 2174 1160 2238 de
1175 2177 1324 2259 episcopo
1340 2174 1489 2254 Norwioi,
1502 2181 1536 2237 el
1553 2175 1723 2259 episcopus
1746 2174 1786 2238 de
1808 2193 1897 2258 rege,
1923 2175 2008 2260 quod

511 2256 671 2347 llcbartus
686 2258 740 2323 Bil
756 2264 918 2346 quondam
935 2263 1044 2325 lenuit
1133 2302 1854 2313 --------
1944 2283 2008 2327 ω.

555 2394 695 2459 Thomas
720 2395 761 2459 de
787 2396 1015 2480 Hualyngleld
1041 2401 1132 2461 least
1159 2398 1193 2460 in
1220 2397 1389 2463 Marassa
1413 2397 1458 2463 lli.
1475 2398 1499 2463 f.
1515 2417 1560 2461 m.
1589 2398 1627 2461 de
1644 2398 1794 2482 episcopo
1809 2398 1959 2477 Norwici,
1977 2402 2010 2460 et

512 2480 596 2544 idem
627 2483 667 2546 de
697 2503 782 2568 rege,
814 2485 899 2570 quod
929 2484 1177 2549 Bartholomeus
1207 2485 1247 2547 de
1278 2483 1396 2548 Burlee
1425 2490 1460 2547 et
1484 2484 1682 2548 Laurenclus
1711 2485 1749 2547 de
1779 2484 2009 2569 Hanlyagfeld

512 2569 674 2650 quondam
690 2576 866 2635 tenuerunt
913 2611 1836 2623 ----------
1925 2593 2009 2637 aaa.

556 2703 760 2789 Reginaldus
782 2704 823 2769 de
848 2705 947 2769 Elles
969 2712 1002 2770 et
1026 2709 1135 2792 Agnes
1162 2727 1242 2769 uxor
1268 2706 1340 2791 ejus
1371 2710 1488 2769 tenent
1510 2705 1556 2771 di.
1581 2707 1605 2770 l.
1629 2726 1674 2769 m.
1700 2706 1735 2768 in
1766 2707 1944 2771 Brnaonsr
1970 2706 2011 2769 de

513 2789 659 2855 Johaane
686 2794 727 2855 de
751 2792 880 2873 Ceston,
894 2802 929 2856 et
953 2794 1039 2858 idem
1064 2792 1228 2858 lohannes
1255 2794 1295 2857 de
1319 2793 1482 2877 episcopo,
1504 2800 1537 2856 et
1563 2796 1732 2877 episcopus
1754 2792 1795 2856 de
1819 2814 1905 2876 rege,
1923 2793 2009 2877 quod

514 2878 705 2963 Ranalphus
719 2881 759 2943 de
775 2878 906 2944 Holbek
921 2882 1085 2965 quondam
1101 2882 1220 2945 tenuit.

556 3012 722 3079 Johanaes
744 3016 786 3079 de
809 3016 968 3080 Salicibus
993 3023 1086 3080 tenet
1110 3018 1155 3080 di.
1171 3018 1195 3081 l.
1214 3037 1257 3080 m.
1285 3016 1319 3079 in
1347 3017 1509 3083 Careusar
1524 3021 1558 3079 el
1584 3017 1693 3081 Rarus
1718 3016 1758 3078 de
1775 3016 1824 3080 Re
1850 3015 1957 3080 'naldo
1971 3014 2011 3079 de

515 3101 628 3166 Eccles
642 3111 677 3166 et
702 3103 828 3188 Agnete
853 3124 952 3168 uxore
979 3103 1062 3189 ejus,
1090 3111 1124 3166 et
1149 3104 1289 3187 predicti
1312 3104 1513 3189 Reginaldus
1537 3110 1571 3167 et
1596 3103 1703 3187 Agnes
1726 3103 1767 3166 de
1794 3102 1835 3165 Jo
1859 3122 1944 3167 anae
1970 3101 2011 3166 de

514 3188 643 3266 Ceston,
675 3196 710 3253 et
738 3189 828 3254 idem
857 3190 1022 3254 Johanncs
1050 3190 1091 3253 de
1120 3194 1274 3274 episcopo
1303 3190 1454 3270 Norwioi,
1481 3196 1516 3254 et
1545 3191 1714 3274 episcopus
1744 3189 1785 3253 de
1814 3210 1899 3276 rege,
1924 3189 2012 3275 quod

514 3275 544 3338 N
547 3274 690 3341 icholaus
705 3277 743 3340 ds
758 3277 920 3342 Salicibus
935 3276 1098 3362 quondam
1114 3280 1223 3342 tenuit
1317 3317 1835 3328 ------
1925 3298 2011 3345 xxa.

957 3413 1093 3479 Summa
1107 3413 1198 3501 rili.
1212 3436 1272 3499 pro
1287 3435 1318 3480 v.
1334 3416 1358 3480 f.
1374 3414 1420 3480 di.
1433 3415 1460 3499 j.
1476 3414 1500 3481 l.
1516 3436 1560 3479 m.

985 3729 1206 3796 Haunaanarr
1228 3749 1272 3796 aa
1296 3729 1540 3799 GLAKLOSE.
1674 3767 1677 3774 ·

558 3894 865 3958 lurra-Thomas
881 3892 1024 3979 wulgar,
1039 3893 1197 3958 Ricardus
1210 3891 1308 3971 Toth,
1323 3892 1488 3959 Johannes
1503 3891 1642 3959 Russhel
1657 3893 1698 3957 de
1712 3890 1834 3976 Thorp‚
1848 3891 2013 3958 Johaunes

516 3979 679 4065 Brodyng,
693 3980 880 4045 willelmus
902 3979 944 4045 de
970 3979 1189 4063 Thorplonde‚
1212 3979 1389 4045 Nicholaus
1411 3981 1453 4044 de
1479 3980 1594 4060 Bothe,
1619 3978 1786 4044 Johanncs
1816 3980 1945 4066 Walgoz
1971 3981 2012 4045 de

514 4067 673 4153 Helgcye,
682 4068 838 4134 Ricardns
850 4066 1041 4145 Passhelew‚
1052 4067 1237 4131 Willalmus
1245 4068 1332 4132 lilius
1339 4067 1361 4132 J
1362 4069 1499 4132 ohannis
1507 4069 1659 4148 Persona,
1669 4069 1830 4133 Robertus
1838 4065 2013 4152 Wylkokes

516 4159 551 4218 et
564 4154 751 4219 willelmus
766 4154 906 4233 Beneth‚
922 4157 979 4238 qui
994 4155 1106 4218 dicuat
1123 4175 1182 4238 per
1197 4160 1437 4220 sacramentum
1453 4175 1547 4220 saum
1563 4156 1648 4240 qaod
1660 4176 1713 4218 2-

559 4343 718 4408 Dominus
731 4344 896 4409 ‚Iohannes
911 4344 1047 4408 Bardols
1059 4348 1150 4408 tenet
1165 4344 1206 4408 de
1220 4344 1343 4409 lronore
1358 4346 1399 4410 de
1415 4346 1626 4413 Wrmrnasru
1644 4345 1686 4409 de
1701 4345 1834 4409 domina
1859 4363 1937 4429 rege
1960 4343 2013 4410 l.c.

513 4452 574 4516 per
587 4431 754 4496 baroniam
768 4452 843 4496 cum
860 4431 936 4495 aliis
951 4431 1102 4516 percellis
1116 4431 1201 4495 infra
1215 4430 1422 4496 hundredum
1437 4433 1478 4496 de
1494 4430 1650 4498 Olaklose.

558 4569 730 4634 Abbatiesa
757 4570 797 4635 de
826 4567 975 4632 Marham
1005 4574 1097 4633 tenet
1126 4571 1160 4631 in
1192 4570 1341 4636 Manain
1371 4570 1395 4656 j.
1419 4569 1442 4636 l.
1470 4591 1515 4636 m.
1547 4572 1584 4633 in
1614 4590 1728 4654 puram
1758 4576 1792 4633 et
1821 4570 2012 4652 perpetuam

516 4658 727 4722 elemosinam
754 4657 796 4721 de
821 4657 943 4721 comite
966 4656 1150 4738 Warennie,
1179 4663 1214 4721 et
1238 4678 1347 4721 comes
1372 4659 1411 4720 de
1426 4658 1577 4741 episcopo
1592 4656 1729 4738 Ellenei,
1743 4663 1777 4721 et
1791 4657 1961 4740 episcopus
1976 4655 2016 4718 de

514 4764 591 4828 rege
621 4783 1980 4808 ..............
1987 4765 2013 4810 ῃ,

558 4883 720 4947 Waltems
732 4883 849 4966 Bygot‚
860 4882 968 4956 miles,
977 4886 1069 4943 tenet
1083 4880 1108 4965 j.
1118 4881 1141 4944 f.
1156 4901 1200 4946 m.
1212 4881 1246 4942 in
1260 4880 1409 4946 Menneu
1424 4881 1464 4946 de
1478 4880 1598 4945 honore
1612 4881 1654 4944 de
1670 4878 1847 4964 Haghenet
1861 4878 2016 4957 Paverell‚

515 4970 654 5036 elidem
668 4970 709 5035 de
723 4972 855 5034 domino
869 4988 945 5052 rege
961 4969 1014 5032 i.c.
1030 4972 1064 5032 et
1081 4969 1168 5051 prior
1182 4967 1222 5030 de
1237 4967 1402 5032 Westacre
1416 4973 1508 5032 tenet
1525 4967 1699 5052 parcellam
1715 4968 1855 5052 triginta
1868 4985 2016 5030 acrarum

516 5066 600 5122 terre
623 5059 659 5121 in
686 5056 802 5120 eadem
827 5055 906 5119 villa
928 5054 1150 5138 pertinentem
1174 5059 1210 5118 et
1235 5054 1454 5118 auxiliantem
1479 5055 1521 5119 ad
1545 5055 1729 5139 predictum
1759 5053 1903 5131 feodum,
1929 5052 2015 5136 quod

515 5144 701 5208 Willelmas
715 5142 819 5223 Belet,
834 5143 939 5220 miles,
956 5140 1119 5223 quondam
1133 5140 1244 5204 tenuit
1271 5146 1339 5224 (pro
1362 5161 1428 5226 quo
1451 5142 1547 5206 feodo
1572 5147 1722 5206 oneratus
1746 5141 1811 5204 fnit
1835 5141 1875 5204 de
1896 5140 2016 5203 relevio

515 5253 573 5296 sao
588 5236 734 5315 tempore
749 5230 834 5315 regis
850 5228 999 5292 Edwardi
1013 5227 1075 5290 filii
1093 5227 1238 5306 Hearici)
1328 5266 1846 5280 ------
1934 5225 2013 5292 xla.

559 5370 650 5433 Prior
664 5368 705 5431 de
722 5364 924 5431 Shouldham
938 5364 1081 5428 tenella
1100 5363 1308 5432 Snoaanasu
1325 5372 1359 5428 et
1374 5367 1597 5433 Wsrmrloaou
1612 5365 1825 5428 medietatem
1840 5362 1864 5449 j.
1880 5362 1904 5428 f.
1922 5382 1967 5427 m.
1983 5367 2018 5426 et

516 5478 618 5520 unum
647 5456 847 5541 quarterium
874 5453 900 5538 j.
931 5450 954 5517 l.
985 5471 1030 5516 m.
1062 5450 1097 5515 in
1127 5471 1243 5534 param
1272 5458 1308 5516 et
1344 5459 1537 5537 perpetuam
1575 5452 1788 5516 elemosinam
1825 5452 1866 5513 de
1895 5450 2017 5513 comite

516 5544 730 5620 Gloucestrie,
743 5548 777 5606 et
791 5561 898 5605 comes
913 5539 955 5603 de
969 5559 1044 5624 rege
1104 5576 1822 5590 --------
1910 5557 2014 5603 mc.

561 5681 655 5746 Prior
690 5681 732 5745 da
769 5674 968 5742 Shouldham
1006 5681 1098 5738 tenet
1135 5676 1172 5735 in
1212 5672 1431 5752 succursura,
1462 5676 1685 5754 Waaruarou,
1716 5674 1858 5752 Fosrorr,
1890 5673 2016 5752 Tanau,

517 5771 758 5844 Wrrarscrou,
776 5765 893 5840 Saone,
909 5762 1088 5839 Waorrou,
1104 5761 1260 5827 Wrnrrmr
1275 5767 1308 5823 et
1326 5761 1538 5829 Srnlnasara
1554 5762 1579 5847 j.
1596 5763 1619 5825 l.
1634 5767 1668 5826 et
1689 5781 1793 5825 unum
1814 5763 2018 5844 quarterium

517 5859 540 5921 f.
557 5879 602 5921 m.
619 5856 660 5919 da
675 5854 794 5918 comite
809 5850 1024 5926 Glouoestrie,
1039 5855 1074 5911 et
1087 5867 1195 5911 comes
1209 5848 1250 5910 de
1267 5868 1356 5932 rege,
1380 5849 1467 5932 quod
1495 5851 1662 5916 Hubertus
1685 5847 1810 5912 Hskun
1836 5851 1873 5911 st
1898 5846 2019 5910 cecilia

517 5962 597 6007 uxor
611 5942 682 6026 ejas
697 5960 771 6003 cum
785 5937 861 6000 aliis
875 5932 1065 5998 tenentibus
1079 5933 1242 6017 quondam
1259 5938 1436 5998 tenuerunt
1451 5933 1485 5999 ia
1501 5933 1656 6018 predictis
1671 5933 1758 6000 villis
1859 5969 1870 5984 ·
1958 5932 2015 5999 l.e.
