5000 7050
1122 1064 1207 1138 Μ).
1233 1065 1329 1139 1428.
1910 1081 1973 1144 583

474 1354 607 1504 ngrtzorri
618 1364 653 1418 et
667 1363 844 1422 conventos
857 1360 897 1424 de
913 1359 1061 1444 Bynham
1084 1367 1199 1426 tenent
1217 1364 1243 1448 j.
1259 1365 1282 1427 f.
1299 1385 1343 1430 m.
1368 1365 1402 1427 in
1431 1365 1659 1432 Dansrnonru
1685 1367 1725 1429 de
1751 1367 1882 1430 domino
1905 1369 1973 1431 filio

515 1570 679 1638 lohannes
694 1575 825 1649 Curson.
841 1578 995 1658 chivaler,
1009 1585 1045 1644 et
1059 1586 1208 1645 tenentes
1224 1583 1274 1645 sui
1289 1588 1403 1646 tenent
1418 1585 1553 1648 terciam
1569 1592 1695 1668 partem
1705 1585 1734 1669 j.
1751 1585 1774 1652 f.
1791 1607 1837 1652 m.
1849 1585 1973 1650 ibidem

472 1666 616 1722 vocatam
631 1662 765 1730 dannan
781 1667 878 1732 Ham.
893 1667 934 1730 de
951 1666 1096 1734 iohanne
1112 1670 1180 1732 filio
1195 1669 1338 1734 Roberti.

515 1793 678 1860 lohannes
707 1799 798 1863 Wsst
825 1808 916 1865 tenet
944 1802 1079 1865 terciam
1108 1809 1234 1885 partem
1260 1803 1288 1888 j.
1321 1804 1345 1870 f.
1377 1825 1421 1870 m.
1451 1805 1487 1866 in
1517 1805 1743 1872 Hannrnoron
1776 1806 1817 1870 de
1854 1807 1973 1871 comite

472 1879 654 1964 warennis,
670 1889 829 1969 quondam
846 1889 1002 1954 lobannis
1017 1889 1187 1955 Marchall.
1837 1935 1840 1942 ι

515 2021 669 2085 Priorissa
684 2023 723 2086 de
738 2023 917 2110 Canmpsee
930 2031 1023 2090 tenet
1038 2028 1083 2092 di.
1100 2027 1124 2094 f.
1141 2049 1187 2094 m.
1204 2028 1239 2090 in
1255 2005 1488 2095 Hrnnrnnrou.

472 2156 677 2310 (klkglsrssnges
693 2161 759 2224 Colr
775 2169 810 2226 et
824 2166 1000 2247 percenarii
1014 2167 1064 2229 sni
1080 2172 1194 2230 tenent
1208 2167 1288 2230 duas
1304 2173 1410 2250 partes
1421 2166 1447 2251 j.
1466 2167 1488 2231 f.
1506 2168 1599 2232 min
1615 2169 1740 2234 Wrarn
1756 2169 1796 2232 de
1812 2172 1918 2252 priore
1932 2169 1973 2232 de

473 2384 607 2531 ClIdem
638 2387 798 2453 lohannes
822 2387 889 2452 col
913 2395 1006 2452 tenet
1031 2395 1178 2476 quartam
1204 2395 1329 2474 partem
1351 2389 1376 2475 j
1401 2393 1424 2455 f.
1450 2413 1494 2456 m.
1522 2391 1557 2454 in
1581 2393 1707 2458 Wrrrrra
1735 2393 1776 2456 de
1801 2391 1973 2458 heredibus

510 2492 590 2536 rene.

515 2605 605 2668 Prior
619 2608 660 2670 de
676 2609 906 2693 Massyngham
921 2617 1012 2675 tenet
1026 2619 1176 2696 quartam
1193 2619 1317 2697 partem
1327 2613 1355 2698 j.
1373 2615 1395 2678 f.
1413 2637 1457 2680 m.
1475 2615 1508 2677 in
1526 2615 1647 2681 Manus
1665 2616 1904 2683 Massrnnnan.

472 2742 706 2891 ΒοΕάῳιιυᾱιιε
720 2744 837 2829 Thorp,
853 2747 1004 2826 chivaler‚
1016 2754 1106 2813 tenet
1114 2749 1143 2832 j.
1156 2750 1180 2814 f.
1193 2772 1238 2816 m.
1250 2753 1285 2813 in
1303 2751 1411 2817 Psnva
1427 2751 1654 2817 Massrnnma
1671 2751 1711 2814 de
1728 2749 1897 2816 heredibus
1913 2752 1972 2816 filii

522 2851 602 2914 geri.

513 2965 676 3033 lohannes
700 2970 741 3033 de
765 2970 896 3054 Geyton
923 2978 1012 3035 tenet
1039 2973 1084 3038 di.
1101 2974 1124 3038 i.
1141 2995 1186 3039 m.
1203 2974 1238 3036 in
1264 2974 1605 3051 Gnaron‚M1nam0u
1630 2980 1662 3039 et
1692 2976 1973 3058 Cunuouwanrou,

470 3057 632 3137 quondam
648 3055 765 3140 Rogeri
781 3057 1004 3139 Draweswerd,
1020 3061 1198 3124 inmediate
1214 3061 1255 3124 de
1271 3063 1390 3124 honore
1406 3061 1445 3124 de
1461 3063 1562 3127 Clare.

514 3193 620 3255 Abbas
635 3195 675 3256 de
692 3194 829 3258 Derham
846 3203 937 3260 tenet
945 3196 974 3280 j.
991 3199 1015 3262 f.
1032 3218 1078 3263 m.
1094 3196 1130 3259 in
1146 3198 1216 3263 Esr
1231 3198 1377 3264 Wamon
1393 3198 1433 3260 de
1449 3197 1618 3260 heredibus
1633 3196 1790 3263 iohannis
1812 3199 1852 3261 de
1868 3199 1971 3263 Vaux.

514 3327 604 3392 Prior
619 3330 660 3395 de
676 3331 836 3396 Westacre
850 3340 940 3396 tenet
954 3340 1103 3418 quartam
1117 3344 1242 3417 partem
1253 3334 1281 3417 j.
1297 3333 1320 3399 s.
1336 3356 1381 3401 m.
1398 3335 1433 3396 in
1449 3335 1518 3400 Ean
1534 3336 1690 3402 Wanron.

515 3467 606 3531 Prior
621 3470 661 3533 de
676 3468 855 3534 Castelacrc
870 3474 964 3535 tenet
974 3471 1001 3557 j.
1018 3471 1042 3537 f.
1059 3492 1104 3538 m.
1121 3472 1156 3535 in
1170 3471 1335 3539 Ennaeas.

514 3606 605 3669 Prior
618 3606 659 3670 de
674 3606 837 3693 Penteney
853 3615 888 3672 et
901 3610 1078 3692 percenarii
1094 3610 1144 3673 sui
1161 3614 1277 3673 tenent
1288 3609 1316 3693 j.
1333 3609 1355 3672 f.
1372 3631 1417 3674 m.
1434 3612 1467 3672 in
1485 3610 1599 3675 Tanna
1614 3614 1646 3671 et
1662 3610 1731 3675 Esn
1747 3610 1908 3677 ivonem.

515 3744 613 3807 Nulle
640 3752 718 3809 sunt
742 3746 805 3810 alie
831 3768 964 3831 persone
991 3749 1058 3811 sive
1082 3754 1234 3812 tenentes
1259 3748 1342 3811 inl'ra
1370 3746 1573 3810 hundredum
1600 3746 1782 3829 predictum
1806 3746 1913 3810 seisite
1939 3746 1973 3809 in

470 3830 631 3894 dominico
646 3854 703 3896 suo
718 3834 897 3898 inmediate
912 3841 952 3898 ut
965 3834 1006 3898 de
1021 3836 1123 3899 libero
1138 3841 1337 3911 tenemento,
1352 3835 1438 3898 unde
1454 3834 1551 3897 iidem
1579 3854 1709 3916 persone
1734 3834 1801 3895 sive
1827 3839 1974 3897 tenentes

469 3921 700 3999 possessionate
730 3923 889 3998 existunt,
919 3924 974 4008 qni
1006 3928 1120 3987 tenent
1149 3944 1206 4005 por
1234 3924 1400 4007 integrum
1431 3920 1562 3984 feodum
1593 3919 1719 3999 militis,
1752 3920 1973 4001 medietatem,

472 4008 618 4082 terciam,
634 4008 683 4069 vel
699 4014 847 4091 quartam
865 4020 989 4093 partem
1000 4010 1027 4093 j.
1043 4010 1067 4076 f.
1084 4032 1130 4077 m.
1147 4008 1329 4095 inclusive]

925 4300 1146 4365 Hunoannnn
1169 4320 1213 4364 nn
1238 4297 1528 4365 SMETHEDON.

515 4461 690 4544 inquisicio
704 4468 799 4543 capta
813 4462 901 4545 apud
915 4462 1064 4526 Heeham
1079 4462 1132 4525 die
1144 4462 1298 4525 Mercurii
1314 4463 1458 4545 proximo
1473 4468 1548 4523 ante
1563 4461 1685 4523 festum
1701 4459 1812 4523 Sancti
1828 4460 1973 4525 Barncbe

471 4549 608 4631 apostoli
633 4569 717 4610 anno
742 4550 834 4631 regni
857 4550 943 4633 regis
970 4550 1104 4614 Henrici
1129 4551 1212 4613 sexti
1236 4556 1310 4633 post
1336 4554 1548 4632 conquestum
1574 4560 1663 4611 sexto
1689 4568 1795 4611 coram
1818 4548 1973 4611 Nicholao

473 4636 601 4714 (lasteli,
618 4636 761 4701 Henrico
776 4635 916 4717 Walpoll
931 4642 965 4699 et
979 4638 1074 4699 sociis
1089 4639 1155 4699 suis
1169 4636 1395 4699 collectoribus
1411 4635 1545 4699 subsidii
1561 4635 1684 4699 domini
1701 4636 1785 4719 regis
1801 4636 1836 4699 in
1856 4636 1973 4699 ultimo

471 4723 686 4805 parliamento
715 4742 773 4785 suo
796 4723 882 4807 apud
910 4723 1236 4787 Westmonasterinm
1262 4724 1297 4785 in
1321 4716 1490 4808 'quindena
1521 4722 1632 4785 Sancti
1663 4721 1833 4787 Michaelis
1857 4722 1973 4786 ultimo

472 4811 628 4892 preterita
642 4816 734 4873 tento
749 4811 890 4873 concessi
916 4831 973 4892 per
999 4820 1236 4874 sacramentnm
1284 4855 1973 4889 ..............

471 4897 630 4962 Willelmi
659 4897 796 4981 Walpol,
826 4896 946 4983 Rogeri
983 4897 1113 4972 amer,
1143 4898 1292 4961 Nicholai
1330 4896 1413 4981 ayn,
1443 4896 1600 4963 Willelmi
1631 4894 1784 4976 Mushok‚
1816 4896 1973 4963 iohannis

472 4985 616 5063 warner,
647 4985 759 5051 Jacobi
788 4984 901 5049 Sche.
948 5029 956 5047 .
1002 4983 1216 5059 ..Johannis
1262 5035 1269 5051 .
1316 5034 1324 5051 .
1372 5035 1379 5050 .
1427 4983 1631 5063 .,Galtridi
1662 4983 1799 5063 Pedder,
1823 4983 1973 5048 Nicholai

470 5071 628 5148 Esthalle,
651 5072 809 5138 Willelmi
833 5072 982 5149 Andreas,
1005 5074 1061 5158 qni
1084 5074 1199 5137 dicunt
1229 5092 1326 5155 snper
1355 5078 1592 5136 sacramentum
1622 5091 1717 5133 suum
1747 5071 1832 5154 qnod
1862 5093 1973 5135 omnes

469 5180 602 5241 persone
631 5161 665 5221 in
695 5161 759 5223 ista
787 5160 1002 5243 inquisicione
1031 5162 1199 5224 nominate
1228 5166 1306 5223 sunt
1335 5160 1443 5223 seisite
1472 5166 1506 5223 et
1535 5160 1765 5241 possessionate
1795 5164 1830 5221 et
1857 5180 1968 5222 earum

469 5246 611 5329 quelibet
625 5253 674 5309 est
690 5248 800 5311 seisita
813 5257 846 5309 et
862 5247 1092 5331 possessionata
1106 5246 1147 5311 de
1161 5248 1257 5309 terris
1273 5254 1308 5311 et
1324 5247 1518 5311 tenementis
1543 5247 1577 5307 in
1600 5246 1762 5307 dominico
1789 5266 1846 5309 sno
1870 5254 1909 5308 nt
1933 5247 1972 5307 de

469 5333 568 5397 libero
591 5340 779 5398 tenemento
806 5354 865 5397 soc
890 5339 924 5398 et
946 5339 1058 5397 tenent
1073 5355 1129 5399 sen
1143 5341 1234 5397 tenet
1250 5333 1346 5397 modo
1362 5340 1396 5398 et
1410 5333 1523 5412 forma,
1539 5333 1595 5418 qni
1610 5340 1803 5416 sequnntur,
1818 5332 1971 5396 videlicet

471 5420 555 5505 quod
569 5445 622 5486 :—

469 5608 675 5760 Mloharffi
697 5609 728 5673 le
753 5608 891 5695 Strange
913 5615 1003 5675 tenet
1026 5612 1060 5674 in
1083 5612 1348 5678 Hnnsrauasron
1365 5610 1543 5673 inmedicte
1557 5608 1592 5693 ij.
1610 5609 1631 5672 f.
1649 5630 1694 5674 m.
1711 5610 1752 5671 de
1769 5608 1911 5674 Roberto
1930 5608 1970 5672 de

507 5718 548 5759 on
566 5719 584 5759 θ
678 5746 686 5762 .

509 5836 651 5899 Andreas
665 5835 706 5897 de
722 5832 888 5900 Holkbam
903 5838 995 5898 tenet
1009 5835 1045 5898 in
1060 5822 1392 5902 ManuaRanosrnbn
1405 5840 1445 5915 et
1459 5833 1495 5895 in
1506 5832 1630 5897 Hosne
1647 5830 1823 5895 inmediate
1835 5831 1879 5895 di.
1893 5831 1915 5893 i.
1925 5852 1969 5895 m.

465 5923 506 5987 de
520 5923 612 5986 feodo
626 5923 773 6009 ejusdem
788 5920 922 5987 Roberti
936 5922 1021 6005 qnod
1036 5943 1139 6007 nuper
1152 5923 1218 5986 tuit
1233 5922 1391 5986 Willelmi
1411 5919 1549 5983 Bataille
1564 5936 1598 5983 et
1613 5918 1883 6001 percenariorum,
