5000 7050
511 1081 574 1147 556
1156 1083 1381 1153 NORFOLK.

551 1370 675 1434 Dicunt
690 1373 795 1434 eciam
809 1372 967 1455 juratores
982 1373 1120 1456 predicti
1138 1375 1226 1458 quod
1240 1375 1331 1438 nulle
1346 1379 1423 1440 aunt
1436 1377 1500 1439 alie
1514 1394 1652 1458 persone
1668 1377 1734 1439 sive
1759 1381 1907 1438 tenentes
1931 1376 2018 1438 infra

447 1478 450 1494 ¹
506 1457 710 1522 hundredum
736 1459 921 1542 predictum
949 1462 1061 1524 eeieite
1084 1463 1120 1524 in
1143 1463 1307 1526 dominico
1327 1482 1385 1527 auc
1400 1463 1578 1527 inmediate
1593 1469 1627 1526 ut
1644 1461 1686 1525 de
1700 1462 1802 1526 libero
1818 1467 2018 1536 tenemento,

505 1546 591 1608 unde
606 1546 708 1608 iidem
722 1565 858 1629 persone
873 1548 940 1610 eive
955 1553 1103 1612 tenentes
1118 1551 1357 1632 poaaeseionate
1373 1553 1532 1628 existunt,
1547 1551 1603 1636 qui
1628 1556 1745 1614 tenent
1768 1570 1824 1632 per
1848 1551 2016 1634 integrum

505 1632 636 1696 feodum
651 1633 779 1711 militis,
793 1633 1018 1716 medietatem,
1033 1637 1167 1699 terciam
1183 1637 1234 1700 vel
1250 1644 1399 1720 quartam
1413 1645 1541 1721 partem
1552 1637 1579 1722 j.
1595 1638 1617 1700 f.
1634 1658 1678 1703 m.

548 1770 588 1833 In
626 1770 720 1855 cujus
756 1774 804 1834 rei
842 1773 1069 1836 testimonium
1103 1775 1262 1859 juratores
1292 1775 1431 1858 predicti
1461 1774 1538 1839 huic
1566 1776 1778 1859 inquisicione
1817 1773 1924 1859 sigilla
1957 1795 2017 1838 sua

504 1864 735 1941 apposuerunt.
780 1859 904 1924 Datum
918 1859 999 1938 loco,
1014 1861 1067 1924 die
1081 1868 1116 1925 et
1128 1881 1214 1925 anno
1229 1861 1432 1947 supradictis.

995 2249 1217 2316 Hurnanourr
1241 2271 1285 2317 nu
1308 2249 1523 2318 MITFORD.

545 2407 723 2492 Inquieicio
747 2414 843 2494 capta
870 2412 956 2494 apud
982 2410 1042 2474 Eat
1066 2409 1207 2475 Dcrham
1232 2412 1268 2474 in
1292 2409 1458 2475 hundredo
1472 2412 1513 2474 de
1528 2408 1665 2474 Mitiord
1680 2410 1745 2496 xvj.
1762 2411 1816 2474 die
1831 2408 1912 2472 Maii
1927 2428 2012 2472 anno

502 2497 594 2578 regni
610 2497 695 2581 regie
712 2496 844 2560 Henrici
859 2499 942 2561 eexti
957 2505 1031 2581 port
1045 2504 1258 2583 conquestum
1274 2507 1363 2564 sexto
1375 2518 1483 2562 coram
1494 2496 1652 2561 Nicholeo
1661 2494 1790 2572 Caetell‚
1801 2496 1968 2579 armigero,
1977 2503 2013 2560 et

500 2583 593 2645 sociis
625 2585 693 2646 auia
723 2584 947 2648 collectoribus
976 2586 1147 2671 cujusdam
1176 2586 1325 2664 eubeidii,
1353 2585 1502 2650 videlicet
1526 2586 1566 2649 de
1597 2584 1743 2668 quolibet
1771 2583 1864 2648 feodo
1893 2583 2012 2647 militis

501 2668 578 2750 vj.a.
595 2667 705 2754 viij.d.
723 2692 780 2754 per
794 2670 976 2736 Henricum
998 2671 1191 2758 Appehagh,
1206 2673 1410 2737 Willelmum
1435 2673 1568 2756 Draper,
1594 2670 1780 2736 Galfridnm
1803 2673 1883 2749 For,
1907 2671 2011 2734 Adam

500 2755 678 2835 Goodreve,
703 2755 888 2823 Johannem
914 2760 1061 2844 Hendry,
1084 2758 1267 2824 Johannem
1292 2761 1434 2838 salman,
1459 2758 1641 2824 Johannem
1665 2758 1804 2838 Ruseeli
1831 2757 2011 2821 Ricardum

500 2842 622 2923 Potter,
646 2843 826 2908 Johannem
852 2844 1007 2924 Whiaten
1021 2848 1224 2911 Willelmum
1249 2848 1489 2932 Leveryngton,
1510 2847 1715 2911 willelmum
1740 2852 1810 2911 atte
1837 2843 1951 2909 Slothe
1975 2851 2010 2908 et

499 2928 521 2994 J
522 2928 683 2995 ohannem
699 2932 819 2996 'rowell
832 2934 1003 3018 juratores,
1020 2937 1076 3020 qui
1092 2935 1206 2999 dicunt
1222 2955 1318 3018 super
1333 2938 1571 2999 sacramentum
1587 2955 1682 2999 euum
1697 2933 1782 3019 quod
1794 2958 1849 3000 :-

543 3118 708 3186 Johannee
732 3119 888 3186 Cokefeld
914 3143 981 3186 una
1004 3144 1077 3186 cum
1093 3124 1260 3187 Willelmo
1284 3124 1404 3188 Poeton
1431 3130 1521 3189 tenet
1533 3125 1570 3188 in
1584 3124 1813 3190 Erroneam
1827 3123 1852 3206 j.
1869 3123 1892 3187 t.
1908 3141 1953 3185 m.
1969 3121 2009 3185 de

499 3208 644 3272 manerio
659 3208 700 3272 de
714 3209 940 3295 Wyrmegeye,
956 3217 992 3274 et
1005 3210 1093 3274 idem
1109 3211 1151 3274 de
1168 3231 1303 3297 rege·
1394 3253 1405 3263 -
1495 3252 1506 3264 -
1597 3251 1607 3262 -
1698 3250 1709 3263 -
1799 3210 1878 3294 vj.a.
1894 3205 2008 3294 viijd.

542 3343 700 3409 Ricardue
713 3346 821 3430 Teney
835 3352 927 3411 tenet
943 3348 978 3410 in
1000 3347 1231 3415 Euronnumu
1258 3349 1461 3434 quarterium
1484 3350 1508 3434 j.
1523 3348 1547 3414 f.
1564 3370 1609 3414 m.
1636 3348 1677 3412 dc
1701 3346 1833 3412 Olivaro
1857 3345 1951 3422 Grec,
1974 3351 2010 3409 et
2040 3400 2049 3418 .

497 3432 584 3497 idem
599 3432 731 3518 derega
797 3473 1826 3488 -----------
1915 3430 2008 3498 ruod.

541 3571 734 3636 Edmundua
763 3578 831 3636 atto
862 3570 952 3637 Rode
983 3594 1049 3637 una
1076 3594 1151 3637 cum
1183 3574 1324 3639 Roberto
1353 3573 1432 3639 Pola
1456 3579 1551 3639 tenet
1574 3575 1608 3637 in
1632 3574 1772 3639 Υιιιιιιι
1796 3579 1829 3637 et
1856 3572 2008 3640 Srurnerr

497 3659 698 3744 quarterium
713 3659 737 3744 j.
755 3660 779 3725 f.
795 3681 841 3726 ιιι.
858 3660 899 3724 de
913 3662 1059 3726 manerio
1074 3661 1116 3725 de
1131 3661 1359 3747 Wyrmegeye,
1375 3668 1409 3726 et
1424 3661 1513 3726 idem
1527 3660 1568 3725 de
1582 3681 1660 3747 rege
1712 3700 1723 3711 -
1813 3700 1824 3712 ·
1914 3656 2007 3724 rud.

542 3796 640 3883 Hugo
664 3796 774 3881 Morye
797 3797 838 3861 de
862 3796 1015 3862 Thuxton
1040 3806 1132 3863 tenet
1155 3801 1190 3863 in
1216 3800 1376 3867 Tnuxrou
1403 3806 1437 3865 et
1462 3800 1666 3866 Mennanrnn
1688 3818 1791 3862 unum
1807 3799 2007 3883 quarterium

490 3884 519 3969 j.
535 3884 560 3949 f.
576 3905 621 3950 m.
637 3885 678 3948 de
691 3883 832 3948 dominia
846 3888 983 3949 manerii
999 3887 1039 3950 de
1055 3885 1281 3973 Wyrmegeye,
1295 3892 1329 3953 et
1343 3888 1443 3952 iidem
1457 3888 1498 3952 de
1512 3908 1618 3973 rege·
1710 3926 1721 3938 ·
1812 3925 1824 3937 ·
1912 3882 2006 3951 und.

498 4112 520 4174 d
540 4022 723 4087 Wiilelmua
736 4022 926 4107 Bamburgh
942 4028 1034 4088 tenet
1046 4026 1083 4087 in
1098 4026 1325 4094 Burunnenou
1340 4026 1366 4112 j.
1382 4024 1406 4093 f.
1422 4047 1466 4090 ιιι.
1481 4026 1522 4089 de
1536 4026 1685 4109 episcopo
1707 4023 1841 4125 idiensi,
1857 4028 1892 4087 et
1915 4021 2006 4175 iieffi

520 4132 539 4175 e
554 4130 631 4195 ηερ
685 4150 1713 4165 ...........
1802 4132 1879 4195 m
1894 4131 1964 4195 nu,

539 4247 631 4312 Prior
645 4247 769 4311 Domus
783 4245 999 4312 Certusieneis
1013 4249 1181 4315 Londonie
1197 4256 1290 4315 tenet
1303 4252 1339 4315 in
1349 4252 1538 4320 Wnarrrrnn
1553 4269 1657 4313 unum
1672 4250 1873 4334 quarterium
1904 4248 1947 4314 ,ἢ
1958 4268 2004 4313 ιιι.

495 4336 536 4401 de
551 4336 670 4399 comite
684 4331 920 4399 Richemcndie
935 4337 1020 4421 quod
1037 4338 1201 4423 quondam
1216 4340 1328 4403 tenuit
1341 4338 1515 4423 Philippus
1529 4337 1560 4401 la
1576 4336 1708 4415 Bretcn,
1724 4342 1757 4400 et
1772 4335 1861 4399 idem
1876 4270 2005 4489 dexpepie

539 4559 632 4624 Prior
657 4560 699 4624 de
724 4559 912 4644 Penteneye
934 4566 1024 4625 tenet
1046 4564 1082 4625 in
1113 4562 1232 4629 Ncnrrr
1247 4562 1435 4631 Τοιιιιιιιιιιι
1450 4562 1496 4629 di.
1511 4560 1535 4627 f.
1551 4582 1596 4627 ιιι.
1612 4560 1653 4625 de
1667 4560 1803 4638 Thomu,
1816 4559 1949 4623 domino
1964 4560 2005 4623 de
2052 4560 2055 4567 '

494 4647 926 4734 Morlec,etidemderege
1005 4689 1017 4700 -
1107 4690 1118 4700 -
1209 4691 1220 4701 -
1311 4691 1322 4703 -
1412 4690 1423 4702 -
1514 4690 1525 4701 -
1616 4689 1627 4700 -
1717 4689 1729 4699 -
1821 4686 1834 4699 -
1921 4646 2003 4712 rid.

537 4784 683 4871 Rogema
781 4807 906 4873 geneye
928 4792 1022 4852 tenet
1047 4789 1084 4850 in
1110 4788 1229 4855 Noenu
1259 4789 1445 4855 Τοιιιιιιιιιιι
1472 4792 1620 4873 quartam
1647 4791 1774 4872 partem
1793 4784 1822 4869 j.
1845 4786 1868 4849 i.
1892 4804 1937 4849 m.
1962 4782 2002 4847 de

493 4874 626 4939 domino
641 4873 739 4939 Edwa
778 4874 852 4939 ode
866 4874 1088 4961 Haatynggea,
1101 4882 1137 4939 et
1151 4876 1240 4940 idem
1256 4876 1296 4940 de
1312 4896 1389 4961 rege
1406 4912 1822 4927 -----
1911 4868 2001 4938 xr.d.

537 5010 690 5089 Thomas,
699 5011 851 5076 dominun
865 5012 906 5077 de
920 5012 1056 5092 Morlee,
1071 5017 1162 5077 tenet
1178 5014 1213 5077 in
1229 5014 1348 5082 Nonne
1364 5014 1551 5081 'Poenum
1568 5015 1602 5075 et
1618 5010 1822 5077 Murranum
1831 5008 1862 5093 j.
1877 5011 1901 5076 i.
1913 5030 1957 5073 m.
1968 5016 2003 5074 et

493 5100 539 5166 di.
554 5098 758 5184 deepiecopo
773 5100 910 5180 mensi,
925 5106 960 5164 et
973 5101 1064 5164 idem
1078 5100 1119 5164 de
1133 5121 1209 5186 rege
1232 5136 1854 5153 -------
1942 5118 2001 5163 nr.

535 5235 658 5315 Alicio,
667 5236 782 5301 relicta
797 5237 957 5305 iohannis
968 5234 1148 5317 Wiltehire,
1156 5244 1248 5302 tenet
1263 5240 1448 5303 manerium
1464 5237 1505 5301 de
1522 5236 1708 5305 swrrmo
1719 5236 1754 5299 in
1766 5234 2002 5300 Humanam

490 5326 526 5389 in
542 5324 652 5389 dotem
670 5344 729 5408 per
738 5324 767 5409 j.
782 5324 807 5391 f.
823 5344 870 5389 ιιι.
886 5322 927 5388 de
941 5324 1087 5388 manerio
1101 5324 1142 5389 de
1156 5323 1322 5406 Cantelee,
1337 5334 1372 5391 et
1386 5326 1476 5390 idem
1491 5324 1532 5388 de
1546 5344 1621 5409 rege
1698 5362 1710 5374 -
1798 5321 1875 5406 vj.r.
1891 5322 2001 5406 viij.d.

535 5463 682 5547 Rogerue
697 5460 821 5527 corson
837 5481 991 5525 unacum
1008 5459 1156 5530 Johanne
1170 5462 1335 5550 Dolrkyng
1350 5468 1441 5528 tenet
1457 5464 1492 5527 in
1507 5462 1648 5528 Υιιιιιιιι
1663 5461 1688 5545 j.
1704 5458 1728 5523 f.
1744 5480 1789 5523 m.
1805 5459 1846 5523 dc
1861 5460 2002 5523 manerio

490 5551 531 5615 de
560 5549 729 5631 Fomeetc,
757 5558 792 5614 ct
817 5550 904 5613 idem
931 5551 1115 5615 manerium
1139 5556 1272 5617 tenetur
1297 5551 1336 5616 de
1360 5570 1446 5637 rege,
1469 5550 1556 5634 quod
1582 5548 1716 5634 quidem
1743 5546 1767 5612 f.
1782 5566 1828 5612 m.
1856 5546 2001 5632 Rogerue

491 5637 613 5704 canon
628 5638 793 5721 quondam
809 5636 918 5701 tenuit
979 5674 990 5689 ·
1285 5678 1295 5691 .
1386 5678 1397 5691 .
1488 5678 1499 5690 .
1690 5674 1702 5685 .
1790 5634 1870 5719 rj.c.
1887 5631 2000 5719 viijo.

534 5776 577 5841 In
591 5776 684 5863 cujus
697 5777 744 5841 rei
759 5775 985 5839 testimonium
1000 5777 1209 5860 presentibus
1224 5776 1334 5863 eigiila
1347 5780 1458 5840 nostra
1471 5776 1692 5859 apposuimus.
1738 5770 1946 5875 potumque
1959 5773 2000 5835 nd

491 5864 725 5949 eigillacionem
750 5862 965 5947 presencium,
990 5862 1062 5949 viij.
1087 5863 1142 5929 die
1164 5864 1287 5949 Aprilis
1310 5884 1396 5929 anno
1418 5865 1511 5949 regni
1533 5862 1622 5946 regie
1651 5858 1787 5924 Henncr
1815 5866 1899 5923 eextr
1929 5868 2001 5943 poet

490 5957 704 6039 conquestum
718 5960 842 6015 octavo.
