5000 7050
583 1109 645 1178 574
1223 1123 1444 1196 NORFOLK.

624 1401 785 1468 Rohertus
800 1405 972 1493 Bcugeour
995 1417 1085 1477 tenet
1109 1415 1287 1483 inmediate
1302 1418 1344 1483 de
1360 1417 1534 1486 heredibus
1550 1421 1707 1486 Johsnnis
1729 1421 1785 1510 [de
1799 1421 1990 1508 Clsveryng
2006 1423 2098 1485 certa

579 1491 683 1554 terras
698 1499 735 1555 et
749 1501 936 1562 tenemento
950 1499 985 1562 in
1009 1502 1095 1564 villis
1118 1505 1283 1587 predictis,
1308 1527 1369 1592 que
1395 1525 1501 1592 nuper
1523 1509 1655 1575 fuerunt
1680 1510 1839 1574 Johannis
1863 1512 1906 1574 de
1933 1511 2096 1594 Kergate,

581 1573 730 1666 Roberti]
751 1587 821 1646 atte
836 1583 923 1648 Parlr
936 1592 971 1691 et
985 1587 1107 1652 Mirelli
1122 1591 1164 1655 de
1179 1591 1296 1657 coldik
1311 1615 1369 1678 per
1383 1597 1557 1661 servicium
1571 1597 1759 1662 medietatis
1768 1599 1797 1682 j.
1815 1599 1838 1663 f.
1855 1621 1903 1664 m.

624 1738 793 1822 liebertus,
815 1743 967 1811 domiuus
990 1748 1031 1815 de
1055 1749 1244 1839 W[ilghby‚
1269 1759 1361 1820 tenet
1383 1758 1564 1822 inmediate
1588 1760 1628 1824 de
1653 1757 1824 1824 heredibus
1854 1757 2026 1822 Johannis
2058 1755 2097 1817 de

579 1825 759 1916 Claveryng
779 1838 870 1897 certa
895 1842 995 1900 terras
1021 1843 1056 1902 et
1087 1847 1275 1907 tenements
1304 1846 1339 1908 in
1369 1844 1572 1934 Escnsnnn]
1602 1867 1664 1930 que
1694 1867 1798 1930 nuper
1828 1847 1966 1910 fuerunt
2002 1843 2097 1907 Petri

579 1913 734 2002 Rosselyn
749 1939 807 2002 per
822 1923 994 1987 servicium
1003 1924 1033 2008 j.
1049 1925 1074 1994 f.
1091 1948 1136 1994 m.

622 2075 767 2163 Rogems
782 2079 911 2165 Hersyk
926 2088 1018 2149 tenet
1031 2085 1214 2152 inmediste
1236 2086 1292 2176 [de
1305 2091 1477 2157 heredibus
1490 2095 1626 2158 comites
1642 2094 1806 2158 Aumarlie
1821 2099 1913 2160 ccrts
1930 2098 2041 2156 terras
2063 2095 2097 2154 et

575 2168 1008 2341 tgpgffippatpmiffsgssno,
1023 2193 1089 2258 qne
1104 2177 1359 2259 superfuerunt
1381 2178 1541 2246 lobannis
1564 2181 1606 2245 de
1630 2181 1798 2269 Ormesby,
1823 2202 1882 2267 per
1910 2181 2095 2244 servicium

619 2414 765 2502 Rogerus
792 2423 863 2483 alte
893 2417 998 2485 Boure
1024 2428 1120 2488 tenet
1147 2425 1323 2492 inmediate
1352 2429 1393 2493 de
1422 2431 1539 2495 honore
1566 2432 1607 2497 de
1634 2430 1758 2497 Dovere
1783 2438 1872 2496 certa
1899 2435 2008 2496 terras
2044 2424 2095 2512 [et

574 2507 765 2677 §spergepta
793 2507 829 2570 in
859 2507 1013 2589 Bonusu,
1039 2531 1103 2595 que
1126 2532 1233 2596 nuper
1257 2514 1390 2580 fuerunt
1415 2516 1574 2583 Johanuis
1598 2517 1790 2600 Hunvorth,
1820 2539 1879 2603 per
1911 2518 2094 2582 servicium

619 2728 793 2794 Niohclaus
809 2730 1056 2818 Wychyugham
1071 2740 1166 2800 tenet
1179 2738 1358 2805 inmediate
1373 2741 1412 2805 de
1427 2742 1599 2808 heredibus
1614 2745 1773 2812 lobannis
1788 2743 1982 2827 Hsstynges
2003 2745 2095 2804 cesta

574 2820 674 2879 terras
697 2823 731 2881 et
757 2824 950 2884 tenemento
978 2822 1013 2884 in
1043 2823 1206 2890 Knnnvrvo
1235 2823 1283 2912 [et
1316 2828 1497 2910 Sanisene,
1529 2852 1592 2916 qne
1622 2853 1726 2916 nuper
1757 2832 1891 2896 fuerunt
1925 2829 2095 2896 Johsnuis

576 2903 720 2982 Avenell,
737 2926 793 2988 per
808 2907 982 2971 servicium
998 2908 1048 2994 iij.
1064 2914 1303 2994 quarteriorum
1318 2917 1343 3000 j.
1360 2917 1383 2980 f.
1401 2939 1446 2982 m.

621 3061 779 3150 Heredes]
821 3063 947 3131 Thome
983 3066 1216 3134 Inlretelishale
1251 3076 1369 3138 tenent
1405 3077 1587 3143 inmediate
1624 3080 1664 3143 de
1702 3079 1877 3143 heredibus
1925 3075 2093 3142 Johaunis

575 3149 785 3233 Meynvaryn
807 3159 896 3216 certa
918 3159 1018 3218 terras
1043 3161 1077 3219 et
1103 3163 1294 3223 tenementa
1314 3157 1365 3247 [in
1392 3164 1564 3244 Kennvrvs,
1582 3186 1643 3251 que
1669 3187 1774 3250 nuper
1798 3168 1936 3230 fuerunt
1964 3164 2093 3229 Oliveri

575 3236 728 3300 Burdeux
743 3258 800 3320 per
814 3239 986 3304 servicium
1002 3242 1190 3308 medietatis
1204 3247 1229 3331 j.
1247 3247 1270 3312 f.
1288 3268 1333 3312 m.

619 3401 804 3468 Willelmus
831 3405 974 3468 Trossell
1002 3405 1109 3494 tenet]
1143 3408 1326 3473 inmediate
1356 3410 1397 3473 de
1427 3409 1548 3474 honore
1578 3409 1617 3473 de
1647 3409 1772 3476 Gestria
1799 3412 1889 3472 certa
1920 3411 2031 3472 terras
2057 3413 2093 3472 et

575 3493 764 3556 tenemento
786 3494 822 3556 iu
841 3492 1013 3561 Wssunrvs
1039 3500 1072 3560 et
1095 3494 1267 3577 Ksnuvso,
1293 3517 1356 3583 qne
1379 3518 1483 3583 nuper
1506 3496 1642 3561 luerunt
1670 3493 1807 3583 [Oliveri
1833 3493 2005 3573 Burdeux,
2032 3516 2093 3580 per

576 3580 750 3643 servicium
758 3578 787 3662 j.
804 3581 828 3646 i.
845 3603 892 3647 m.
908 3586 943 3645 et
956 3582 1001 3649 di.

620 3740 781 3805 hienricus
795 3741 980 3808 Bartilmev
994 3751 1028 3808 et
1043 3743 1206 3830 Margeria
1220 3743 1334 3832 Miles]
1357 3750 1471 3810 tenent
1485 3743 1661 3809 inmediate
1674 3742 1716 3807 de
1731 3742 1905 3807 heredibus
1927 3742 2093 3809 Johauuis

577 3828 617 3891 de
645 3828 842 3893 Ratlesdene
871 3838 961 3894 certa
990 3835 1091 3895 terres
1115 3838 1151 3896 et
1178 3837 1366 3897 tenementa
1390 3834 1425 3897 in
1453 3832 1686 3907 Summum,
1712 3827 1792 3916 [que
1816 3850 1926 3913 nuper
1952 3833 2092 3895 fuerunt

577 3913 703 3999 Agathe
717 3915 758 3980 de
773 3915 874 3981 Hove
890 3923 926 3981 et
942 3917 1099 3983 Willelmi
1115 3918 1225 4001 Miles,
1241 3940 1299 4003 per
1314 3920 1487 3984 servicium
1502 3924 1615 4003 quarte
1630 3919 1733 4001 partis
1743 3916 1771 4000 j.
1788 3916 1810 3981 f.
1827 3914 1891 4003 m.]

617 4077 795 4143 Edwardus
809 4078 957 4162 Wilbeye
970 4085 1065 4145 tenet
1078 4081 1259 4145 inmediate
1275 4080 1316 4146 de
1329 4080 1490 4161 Johanne,
1506 4080 1586 4145 duce
1601 4078 1787 4155 Bedfordie‚
1802 4084 1895 4141 certa
1922 4084 2030 4144 terras
2055 4088 2092 4143 et

582 4162 783 4249 [tenementa
804 4168 839 4230 in
866 4166 1031 4246 Dmnms,
1055 4168 1204 4246 Bessus,
1230 4169 1464 4235 Burnvrvunaar
1489 4174 1522 4232 et
1547 4168 1702 4243 Bsrsrorv,
1727 4186 1790 4250 que
1817 4184 1927 4247 nuper
1954 4166 2091 4230 inerunt

577 4250 735 4317 lobannis
751 4252 902 4337 Wilbeye
916 4274 975 4336 per
988 4256 1160 4319 servicium
1177 4264 1293 4339 quarte
1308 4257 1410 4339 partis
1420 4255 1449 4339 j.
1465 4256 1488 4321 f.
1505 4253 1567 4341 m]

620 4412 784 4479 Johannes
809 4414 849 4478 de
875 4413 1004 4477 Birston
1019 4421 1112 4479 tenet
1127 4416 1308 4481 inmediate
1324 4417 1363 4482 de
1378 4419 1524 4481 manerio
1538 4415 1578 4480 de
1594 4414 1785 4477 Fulmeston
1808 4408 1919 4497 [certe
1933 4420 2040 4479 terras
2055 4422 2091 4477 et

575 4502 1007 4672 tlepppppptlpjinfllinmsros,
1032 4522 1095 4587 que
1119 4524 1223 4587 nuper
1250 4505 1383 4567 fuerunt
1407 4503 1566 4570 Johsunis
1589 4502 1628 4565 de
1653 4500 1797 4578 Biston,
1822 4519 1881 4583 per
1908 4504 2090 4565 servicium

620 4722 718 4788 Nulle
744 4730 822 4789 sunt
844 4726 906 4788 alie
931 4744 1064 4809 persone
1091 4728 1157 4791 sive
1182 4732 1333 4791 tenentes
1360 4725 1444 4789 infra
1467 4725 1669 4790 hundredum
1692 4722 1879 4805 predictum
1906 4726 2025 4789 scisite
2053 4727 2089 4788 in

575 4809 739 4875 dominico
754 4833 811 4875 suo
826 4812 1013 4890 inmediabe‚
1026 4820 1065 4877 ut
1080 4814 1123 4877 de
1138 4814 1240 4879 libero
1256 4822 1457 4887 tenemento,
1472 4813 1557 4876 unde
1571 4812 1658 4875 idem
1674 4830 1809 4894 persone
1835 4813 1908 4874 sive
1933 4818 2091 4877 tenentes

574 4898 803 4980 possessionsti
825 4900 983 4978 existunt,
1008 4902 1065 4984 qui
1080 4908 1199 4965 tenent
1214 4922 1272 4985 per
1286 4903 1450 4985 integram
1469 4898 1541 4979 (sic)
1560 4897 1688 4963 feodum
1705 4896 1834 4978 militis,
1853 4899 2090 4977 medietatem,

574 4984 710 5048 tercism
723 4984 775 5050 vel
791 4991 941 5069 quartam
956 4995 1083 5068 partem
1095 4987 1122 5070 j.
1139 4988 1163 5054 t'.
1181 5010 1227 5054 m.
1243 4984 1428 5073 inclusive]

938 5284 1159 5355 Hosnsannn
1181 5306 1226 5354 on
1248 5284 1401 5353 NORTH
1423 5280 1716 5351 ERPYNGHAM.

621 5446 798 5530 Inquisioio
826 5448 923 5529 capte
958 5447 1045 5529 apud
1080 5446 1190 5533 Thorp
1228 5446 1360 5511 Merket
1395 5447 1448 5511 die
1490 5446 1626 5510 Veneris
1663 5443 1810 5527 proximo
1847 5452 1927 5527 post
1966 5448 2091 5513 festum

557 5550 560 5554 ’
578 5534 784 5597 Assencionis
798 5553 883 5595 anno
897 5535 990 5616 regni
1005 5537 1092 5619 regis
1107 5536 1243 5600 Henrici
1259 5536 1342 5598 sexti
1356 5540 1430 5617 post
1445 5538 1657 5615 conquestum
1673 5538 1762 5593 sexto
1789 5548 1901 5593 coram
1926 5533 1958 5594 N
1961 5533 2092 5598 icholso

577 5620 708 5695 castell,
723 5620 865 5683 Henrieo
877 5618 937 5682 cac
951 5628 987 5681 et
1001 5624 1096 5685 sociis
1110 5624 1178 5687 suis
1194 5621 1417 5686 collectoribus
1432 5619 1570 5683 subsidii
1582 5617 1707 5681 domini
1721 5617 1806 5699 regis
1818 5617 1854 5679 in
1867 5620 2093 5700 parliamento

577 5727 634 5771 suc
651 5713 742 5770 tento
756 5707 844 5789 apud
858 5705 1185 5773 westmonasterium
1200 5711 1235 5772 in
1259 5707 1423 5791 quindeus
1448 5706 1560 5769 Sancti
1583 5702 1750 5765 Michaelis
1776 5702 1900 5767 ultimo
1926 5712 2093 5789 preterito

577 5796 717 5856 concessi
742 5813 800 5877 per
823 5798 1061 5857 sacramentum
1086 5796 1242 5861 Johannis
1267 5795 1406 5876 Reppes‚
1422 5792 1535 5858 iacobi
1561 5798 1631 5854 atte
1645 5786 1759 5862 Wode,
1775 5788 1941 5855 Willelmi
1958 5793 2093 5874 Warde,

577 5878 707 5943 Ricardi
722 5879 802 5958 Red,
817 5880 839 5945 J
840 5878 975 5942 ohannis
991 5878 1114 5957 Rudde,
1130 5882 1288 5944 Willelmi
1305 5880 1422 5955 Hable‚
1437 5879 1593 5941 Johannis
1605 5874 1718 5957 Aleyn,
1732 5874 1895 5939 Johannis
1918 5878 2093 5961 Kydman,

577 5964 732 6031 iohannis
755 5967 883 6045 Garlee,
908 5965 1064 6034 willelmi
1093 5968 1196 6053 Psya,
1227 5967 1361 6031 Henrici
1385 5964 1575 6049 Kymberlee
1605 5972 1639 6025 et
1669 5960 1828 6027 Johanuis
1856 5962 2092 6053 Basyngham,
