5000 7050
968 1106 999 1168 N
1002 1104 1178 1170 ORFOLK
1210 1105 1289 1170 Ap.
1318 1107 1448 1169 1401-2.
1898 1102 1960 1166 625

499 1391 605 1456 Abbas
638 1393 749 1458 Sancti
784 1395 949 1458 Edmuudi
981 1402 1076 1461 tenet
1107 1398 1141 1459 in
1165 1396 1252 1460 villis
1284 1396 1325 1459 de
1354 1396 1512 1472 Suourcu,
1538 1395 1705 1465 Kranaos,
1731 1393 1897 1461 Garsror.
1925 1397 1955 1453 et

454 1479 644 1546 Enrncnsn
659 1483 694 1543 in
710 1483 873 1546 dominico
888 1492 951 1547 etc.
966 1485 990 1568 j.
1006 1485 1030 1549 f.
1047 1505 1091 1549 m.
1108 1489 1260 1548 vocatum
1277 1483 1395 1568 Rogeri
1411 1484 1450 1546 de
1465 1483 1598 1565 Thewyt
1613 1484 1654 1544 de
1670 1502 1745 1566 rege
1760 1483 1813 1545 ic.

497 1617 613 1683 Comes
633 1619 820 1700 Rutlandie,
842 1627 906 1686 etc.
931 1628 1022 1686 tenet
1043 1624 1077 1684 in
1101 1622 1188 1686 villis
1210 1622 1250 1684 de
1274 1622 1389 1686 Hanns
1412 1627 1444 1684 et
1470 1622 1629 1685 Kranaos
1651 1621 1686 1682 in
1710 1620 1872 1681 dominico
1894 1622 1957 1683 etc.

453 1705 477 1788 j.
494 1705 517 1767 f.
533 1725 579 1770 m.
592 1713 744 1770 vocatum
760 1708 878 1772 Fredes
892 1708 933 1772 de
946 1729 1022 1794 rege
1037 1711 1089 1774 i.c.

453 1926 475 1988 d
496 1837 588 1903 Idem
603 1862 711 1943 comes
726 1848 789 1908 etc.
807 1849 895 1908 tenet
917 1846 950 1907 iu
973 1845 1139 1912 warrens
1162 1846 1197 1907 in
1220 1845 1384 1910 dominico
1405 1846 1467 1909 etc.
1491 1845 1527 1928 ij.
1544 1844 1567 1908 f.
1586 1865 1631 1908 m.
1649 1848 1760 1906 vocata
1784 1842 1959 1906 Baniardes

476 1947 494 1990 e
509 1947 587 2013 rege
601 1950 655 1994 1.c.

498 2062 657 2129 Dominus
680 2066 816 2131 Bardolf
834 2074 868 2132 et
891 2070 969 2133 socii
992 2068 1200 2147 sui‚·feoffati
1223 2067 1433 2134 Constantini
1448 2068 1488 2130 de
1508 2068 1651 2152 Clyfton,
1666 2072 1758 2130 tenet
1773 2067 1806 2128 in
1825 2067 1958 2133 Hausco

454 2150 568 2217 Trione
588 2154 623 2215 in
646 2155 809 2218 dominico
831 2163 893 2220 etc.
916 2157 939 2242 j.
963 2163 1069 2240 quart.
1086 2157 1114 2238 j.
1137 2156 1161 2220 f.
1185 2178 1230 2221 m.
1254 2156 1294 2220 de
1317 2174 1392 2238 rege
1415 2157 1468 2221 i.c.
1492 2157 1577 2219 unde
1614 2157 1699 2238 prior
1722 2153 1833 2218 Sancti
1857 2155 1959 2237 Olavy

451 2245 548 2301 tenet
568 2242 707 2304 terciam
729 2251 856 2324 partem
879 2243 977 2327 hujus
992 2252 1099 2326 quart.
1144 2245 1189 2307 Et
1204 2265 1282 2307 uror
1298 2243 1503 2307 Constantini
1518 2245 1557 2306 de
1573 2243 1703 2326 Clyfton
1720 2248 1809 2305 tenet
1824 2244 1957 2305 terciam

452 2331 577 2416 partem
593 2329 731 2411 predicti
748 2338 855 2414 quart.
872 2332 907 2392 iu
924 2332 1036 2394 dotem
1052 2332 1092 2394 de
1108 2351 1195 2416 rege.

495 2462 636 2529 Thomas
662 2467 855 2555 Moumbray
879 2475 973 2532 tenet
997 2471 1034 2532 in
1062 2471 1196 2536 Hrusco
1224 2470 1339 2535 Tuom>
1362 2470 1397 2531 in
1422 2469 1588 2532 dominico
1613 2473 1676 2530 etc.
1696 2467 1725 2550 j.
1742 2473 1847 2550 quart.
1872 2466 1894 2532 f.
1912 2488 1957 2532 m.

453 2560 603 2616 vocatum
618 2554 767 2620 Potteres
781 2556 823 2620 de
837 2577 913 2642 rege
928 2564 991 2621 etc.

496 2689 587 2753 ldem
621 2690 760 2755 Thomas
792 2698 883 2757 tenet
915 2693 950 2757 in
987 2693 1135 2761 Sronrou
1169 2695 1203 2756 in
1227 2693 1392 2756 dominico
1413 2697 1477 2757 etc.
1502 2698 1580 2758 xr⁸¹¹¹
1603 2695 1730 2775 partem
1752 2692 1777 2776 j.
1801 2690 1824 2756 f.
1847 2713 1892 2756 ru.
1917 2691 1958 2754 de

451 2796 525 2861 rege
541 2789 687 2842 vocatam
702 2779 844 2864 Bygotes
858 2786 920 2845 etc.

494 2912 673 2998 Episcopus
696 2914 834 2980 Norwioi
856 2923 947 2980 tenet
969 2919 1004 2980 in
1021 2917 1134 2983 Hnnrs
1156 2917 1192 2979 in
1214 2917 1378 2979 dominico
1394 2920 1456 2980 etc.
1473 2914 1519 2980 di.
1536 2918 1642 2999 quart.
1658 2914 1683 2999 j.
1705 2914 1728 2980 f.
1743 2935 1788 2979 m.
1807 2919 1958 2978 vocatum

451 3000 613 3066 Vernones
628 3003 668 3066 de
684 3023 759 3089 rege
775 3005 826 3070 ic.
847 3009 911 3069 etc.

492 3137 652 3203 Dominus
672 3138 814 3205 Thomas
835 3142 1028 3224 Moumbray
1050 3147 1143 3205 tenet
1164 3141 1199 3203 iu
1223 3141 1337 3206 Hsnrs
1360 3142 1394 3204 in
1417 3140 1582 3203 dominico
1604 3144 1667 3204 etc.
1687 3138 1714 3222 j.
1737 3143 1845 3221 quart.
1869 3138 1893 3203 f.
1910 3160 1955 3204 m.

450 3235 602 3289 vocatum
635 3227 810 3311 Russelyns
843 3229 882 3291 de
915 3248 993 3312 rege
1023 3231 1075 3294 i.c.
1101 3229 1186 3292 unde
1219 3229 1308 3311 prior
1342 3227 1461 3292 Sancte
1493 3226 1667 3289 Trinitatis
1701 3225 1839 3288 Norwici
1867 3232 1957 3290 tenet

450 3313 486 3396 ij.
503 3320 611 3396 partes
625 3316 659 3376 in
675 3336 791 3399 puram
807 3321 871 3379 etc.
888 3321 922 3379 et
937 3337 1010 3400 pars
1025 3316 1164 3400 predicti
1181 3313 1306 3378 Thome
1323 3321 1375 3378 est
1391 3316 1425 3376 in
1443 3333 1541 3376 manu
1557 3315 1644 3396 regis
1658 3319 1719 3376 etc.

495 3450 663 3514 Galfridus
679 3451 801 3531 Wafre,
814 3452 1016 3537 capellanus,
1030 3459 1122 3515 tenet
1145 3453 1179 3513 in
1203 3429 1457 3516 Rsvuurnonru
1480 3452 1515 3513 in
1539 3450 1691 3512 dominco
1715 3452 1779 3514 etc.
1795 3450 1841 3514 di.
1860 3457 1954 3536 quart

450 3537 473 3603 f.
490 3560 535 3604 m.
554 3546 705 3603 vocatum
719 3539 949 3624 deylleswell
965 3541 1005 3603 de
1020 3561 1095 3623 rege
1110 3541 1163 3605 i.c.

454 3765 461 3778 ι
490 3678 612 3828 pibbaqi
633 3677 750 3779 Sancti
778 3678 947 3742 Edmundi
981 3685 1072 3741 tenet
1106 3677 1291 3741 manerium
1324 3697 1418 3739 suum
1452 3676 1491 3739 de
1523 3677 1671 3741 Isarcus
1705 3696 1763 3759 per
1785 3677 1956 3741 servicium

450 3786 473 3848 1.
505 3785 574 3829 .m.
615 3785 724 3850 eroge
740 3786 794 3831 1.c.

494 3900 653 3967 Dominus
674 3902 825 3981 Thomas,
846 3923 952 3967 comes
975 3904 1176 3982 Aruudellie‚
1201 3908 1294 3966 tenet
1317 3902 1351 3964 in
1375 3901 1538 3963 dominico
1560 3903 1622 3964 etc.
1643 3899 1669 3983 j.
1695 3906 1802 3984 quart.
1819 3899 1842 3963 f.
1859 3922 1904 3965 m.
1921 3902 1955 3963 in

449 3989 555 4055 Howu
571 3998 721 4054 vocatum
737 3988 931 4075 Norrryches
946 3992 987 4055 de
1003 4010 1078 4076 rege
1092 3993 1147 4055 i.o.

492 4126 656 4192 Johannes
693 4128 732 4192 de
769 4126 911 4212 Clyfton,
948 4130 1036 4193 filius
1073 4130 1280 4195 Constantini
1319 4128 1359 4190 de
1390 4126 1532 4209 Clysma,
1559 4132 1652 4192 tenet
1697 4129 1731 4190 in
1770 4128 1888 4192 Buoou
1921 4130 1956 4191 in

449 4214 611 4386 ppgsirpipp
625 4220 686 4281 etc.
703 4215 786 4301 vim*
803 4223 930 4299 partem
945 4218 970 4301 j.
987 4217 1011 4282 i.
1028 4239 1072 4282 m.
1090 4222 1236 4280 vocatam
1262 4216 1394 4299 Somery
1418 4216 1457 4277 de
1482 4236 1555 4299 rege
1582 4216 1635 4280 i.c.
1663 4222 1698 4278 et
1722 4222 1773 4279 est
1797 4217 1829 4277 in
1857 4235 1955 4279 mauu

884 4492 1104 4559 Huuonsuurr
1127 4515 1170 4557 nu
1194 4491 1518 4559 HUMBYLYERD.

492 4628 597 4691 Abbas
628 4628 738 4691 Sancti
774 4628 944 4691 Benedicti
967 4629 1008 4690 de
1038 4628 1159 4691 Hulmo
1186 4636 1278 4691 tenet
1309 4629 1490 4690 manerium
1525 4647 1621 4689 suum
1654 4629 1688 4689 in
1724 4626 1882 4704 Humani,
1917 4634 1955 4689 ut

448 4716 619 4800 parcellam
635 4714 767 4779 baronis
783 4715 823 4777 de
840 4716 1017 4780 Tunstede.

487 4852 651 4914 Johannes
674 4851 821 4933 Peveryll
842 4857 877 4913 et
899 4851 1094 4935 Margareta‚
1118 4873 1198 4913 uror
1231 4851 1389 4913 Willetmi
1423 4852 1557 4929 Gomon,
1593 4855 1709 4915 tenent
1742 4853 1776 4914 in
1810 4852 1950 4917 Manuos

448 4938 569 5004 diacus
584 4939 627 5003 di.
644 4939 667 5003 s.
685 4959 729 5003 m.
746 4939 787 5001 de
802 4936 922 5002 honore
937 4939 977 5001 de
995 4939 1128 5002 Hatield
1147 4938 1280 5021 Peveryl
1296 4939 1335 5001 de
1351 4959 1426 5021 rege
1439 4938 1492 5002 i.c.

493 5073 678 5137 Willelmus
693 5074 877 5158 Appylyerd
897 5079 989 5139 tenet
1004 5075 1039 5137 in
1056 5076 1217 5140 Bessara
1232 5074 1276 5138 di.
1293 5075 1315 5137 f.
1333 5096 1377 5138 m.
1394 5073 1434 5136 de
1449 5072 1570 5135 honore
1586 5073 1739 5155 predicto.

492 5212 586 5274 Idem
609 5210 792 5274 Willelmus
814 5219 906 5276 tenet
928 5214 1160 5286 incisarum
1182 5215 1207 5297 j.
1232 5212 1337 5295 quart.
1362 5214 1384 5277 f.
1410 5234 1453 5277 m.
1478 5212 1518 5275 de
1549 5211 1696 5276 Johaune
1730 5212 1882 5289 Peverell‚
1916 5219 1947 5275 et

448 5298 536 5361 idem
551 5295 714 5361 Johannes
729 5299 769 5362 de
784 5298 904 5363 honore
918 5299 1075 5383 predicto.

491 5437 676 5500 Willelmus
707 5438 790 5516 Hoc,
820 5439 927 5517 miles,
958 5446 1052 5503 tenet
1088 5441 1122 5501 in
1161 5408 1392 5505 Kaasrusrrsu
1431 5440 1466 5522 ij.
1499 5443 1604 5521 quart.
1640 5444 1674 5501 et
1711 5438 1755 5502 di.
1779 5439 1802 5503 f.
1828 5460 1872 5503 m.
1911 5440 1949 5501 de

448 5524 604 5587 Nicholao
625 5531 695 5588 atte
717 5524 849 5605 castell,
873 5530 935 5590 etc.
963 5532 1010 5605 (aa
1034 5530 1068 5590 in
1095 5529 1202 5605 1346),
1225 5527 1266 5589 de
1287 5527 1411 5589 Thoma
1435 5524 1637 5608 mowbray,
1661 5531 1697 5587 ut
1732 5526 1772 5588 de
1806 5529 1949 5589 manerio

448 5631 506 5674 suo
520 5612 561 5675 de
575 5610 747 5676 Fomesete
761 5618 823 5676 etc.

492 5749 585 5812 Prior
617 5751 657 5814 de
687 5750 873 5835 Penteneye
906 5758 997 5816 tenet
1029 5755 1062 5816 in
1098 5753 1328 5818 &narnensis
1364 5752 1407 5816 di.
1434 5752 1455 5816 f.
1481 5772 1525 5815 m.
1558 5758 1619 5814 etc.
1647 5756 1693 5829 (cs
1718 5753 1750 5814 in
1780 5753 1887 5830 1346),
1909 5752 1949 5814 dc

448 5837 572 5901 Thoma
588 5838 779 5921 Moumbray
794 5848 857 5905 etc.

514 5973 596 6026 19462
1835 5974 1851 6023 2
1866 5976 1885 6021 tt
