5000 7050
579 1117 623 1181 42
1267 1120 1399 1186 ΚΕΝΤ.

617 1404 667 1467 Dc
681 1407 846 1469 comitissa
861 1406 1084 1486 Pemhrochie‚
1098 1427 1163 1492 que
1185 1408 1249 1472 fuit
1273 1428 1355 1473 uxor
1377 1408 1504 1474 domini
1519 1410 1674 1474 Adomari
1696 1411 1737 1474 de
1758 1410 1911 1489 valence,
1924 1432 1981 1488 pro
1996 1410 2044 1477 di.
2064 1410 2089 1476 s.

572 1493 659 1574 quod
674 1492 773 1577 Hugo
788 1492 827 1557 de
842 1493 926 1558 Vesr
941 1496 1052 1560 tenuit
1068 1496 1155 1579 apud
1172 1495 1329 1564 Wmssu
1353 1496 1446 1583 juxta
1464 1498 1595 1566 Sasona
1611 1497 1653 1562 de
1665 1498 1815 1581 episcopo
1828 1497 1982 1564 ltoffensi.

1989 1606 2042 1651 xx.
2056 1606 2086 1650 s.

615 1715 665 1817 De
698 1716 823 1803 Rogero
855 1717 992 1800 Bavent,
1022 1726 1057 1784 et
1090 1719 1240 1784 ,Iohanne
1275 1722 1317 1786 de
1350 1722 1503 1801 Meliord,
1534 1744 1591 1807 pro
1625 1722 1675 1807 iij.
1710 1723 1882 1807 quarteriis
1910 1723 1934 1808 j.
1958 1723 1981 1786 f.
2019 1742 2087 1806 que

570 1803 735 1885 predictus
756 1804 905 1889 Rogems
927 1806 1052 1871 Bareut
1075 1813 1109 1871 et
1132 1807 1298 1873 Johannes
1320 1810 1359 1873 de
1377 1808 1590 1893 Langereche
1612 1814 1792 1873 tenuerunt
1813 1810 1848 1873 in
1864 1810 2025 1876 Hannnuo
2040 1810 2087 1872 de

572 1892 722 1993 episcopo
754 1892 910 1995 Roffensi,
933 1895 1021 1958 unde
1041 1896 1219 1996 ‘predictus
1253 1895 1419 1960 Johannes
1453 1897 1493 1961 de
1526 1897 1669 1961 Meliord
1699 1902 1791 1961 tenet
1821 1898 1846 1984 j.
1878 1899 2085 1982 quarterium

571 1977 661 2041 ithus
676 1980 700 2043 f.
717 1984 752 2043 et
766 1980 866 2067 xrij⁸¹¹²
884 1987 1010 2065 partem
1023 1983 1062 2067 iJ.
1079 1985 1329 2067 quarteriorum,
1344 1990 1383 2047 ut
1397 1990 1606 2068 compertum
1624 1990 1674 2049 est
1689 2005 1746 2068 per
1762 1985 2021 2068 inquisicionem.

1960 2092 2031 2137 xxx.
2044 2094 2074 2137 s.

616 2203 664 2266 De
686 2207 840 2288 magistro
861 2206 947 2271 Novi
970 2206 1086 2290 Operis
1108 2206 1210 2272 Beate
1234 2208 1337 2273 Marie
1360 2208 1401 2272 de
1424 2207 1551 2288 Strode,
1574 2207 1748 2272 heredibus
1770 2208 1900 2271 Ricardi
1922 2207 2080 2291 Gromyn,

571 2288 720 2355 Johanne
741 2292 809 2356 filio
833 2294 994 2358 Willelmi
1017 2295 1144 2373 Priour,
1167 2295 1207 2359 de
1230 2294 1357 2373 Strode,
1379 2302 1413 2360 ct
1435 2294 1607 2361 heredibus
1644 2295 1789 2365 Simonis
1820 2296 1860 2360 de
1898 2294 2082 2372 Cokteiord,

570 2397 628 2459 pro
664 2378 688 2463 j.
726 2383 890 2463 quarterio
926 2382 951 2467 j.
989 2381 1013 2446 t.
1052 2383 1138 2467 quod
1174 2382 1343 2467 predictus
1380 2385 1546 2467 magister,
1585 2383 1746 2448 Robertns
1791 2382 2008 2466 Franksleyn‚
2043 2388 2079 2445 et

570 2463 748 2530 Nicholaus
769 2467 810 2532 de
833 2466 1018 2549 Ookoetord,
1038 2473 1217 2533 tenuerunt
1239 2471 1276 2533 in
1300 2469 1431 2538 Srsoua
1454 2471 1494 2534 de
1517 2470 1649 2535 Simone
1672 2471 1712 2535 de
1735 2468 1940 2547 Chellesield‚
1955 2475 1989 2533 et
2009 2470 2081 2552 ipse

570 2550 612 2614 de
627 2552 778 2618 Galfrido
796 2554 983 2635 Stodelond,
996 2556 1114 2641 etipse
1129 2555 1170 2621 de
1185 2558 1305 2622 comite
1321 2558 1502 2642 Leyoestrie
1601 2598 1613 2610 -
1703 2598 1714 2609 -
1805 2598 1817 2609 -
1908 2596 1919 2609 -
2007 2575 2076 2622 ns.

613 2691 663 2755 De
679 2690 809 2759 Simone
824 2694 864 2758 dc
879 2693 1075 2780 Godyenton
1089 2716 1148 2779 pro
1162 2696 1208 2761 di.
1225 2697 1248 2762 f.
1262 2697 1349 2780 quod
1359 2697 1484 2760 Alanus
1498 2697 1541 2761 de
1557 2696 1753 2777 Godyenton
1768 2697 1879 2760 tenuit
1893 2696 1928 2757 in
1946 2695 2077 2764 Sssoou

567 2776 608 2841 de
623 2781 767 2862 predicto
781 2780 1230 2867 Galfrido,ctipsedcdicto
1245 2785 1366 2848 comite
1479 2820 1898 2836 ·····
1985 2802 2074 2849 xx.s.

612 2917 663 2983 Dc
678 2920 829 3004 episcopo
843 2920 990 2985 Roffensi
1003 2942 1061 3005 pro
1075 2922 1121 2987 di.
1139 2922 1797 3006 f.apud00ransrrset13nssrssrr-
1887 2960 1898 2971 ·
1986 2939 2074 2985 nnc.

877 3058 1192 3147 Summa-xxiiii.
1209 3082 1240 3127 x.
1251 3084 1279 3128 a.
1296 3082 1354 3146 pro
1369 3060 1414 3148 xj.
1430 3060 1454 3128 f.
1471 3066 1506 3126 et
1519 3060 1582 3147 iiij.
1596 3066 1688 3145 parte
1702 3059 1727 3147 j.
1744 3061 1769 3126 f.

1025 3324 1247 3393 Hunoaanuu
1271 3347 1315 3393 on
1338 3324 1624 3393 LARKEFELD.

613 3481 662 3547 De
686 3481 816 3547 domino
845 3482 994 3549 Johanne
1023 3486 1063 3551 ds
1089 3486 1177 3571 Grcy
1200 3508 1257 3572 pro
1282 3486 1307 3573 j.
1336 3488 1358 3554 f.
1390 3486 1478 3574 qnod
1516 3487 1679 3552 Henricus
1715 3487 1758 3552 de
1788 3485 1877 3570 Groy
1904 3484 2011 3551 tenuit
2036 3484 2070 3548 in

568 3567 768 3637 Ernasroso
783 3572 824 3636 dc
839 3571 971 3637 domino
985 3595 1061 3659 rege
1176 3613 1899 3628 --------
1990 3575 2033 3640 xl.
2043 3596 2069 3639 c.

609 3707 658 3772 De
684 3707 849 3774 Willslmo
876 3712 918 3775 do
944 3711 1095 3796 Olynton,
1121 3715 1240 3776 comite
1265 3713 1529 3798 Huntingdonie,
1561 3734 1618 3796 pro
1643 3713 1668 3799 j.
1692 3714 1856 3796 quarterio
1882 3711 1907 3797 j.
1931 3710 1955 3777 f.
1985 3711 2071 3796 quod

568 3794 709 3859 Thomas
723 3796 764 3860 de
779 3797 949 3882 Leyburne
964 3801 1073 3864 tenuit
1086 3801 1127 3864 de
1143 3799 1304 3886 Margoria
1318 3801 1359 3864 de
1377 3800 1509 3885 Ryvers,
1531 3805 1566 3864 et
1581 3802 1653 3884 ipsa
1667 3801 1708 3864 de
1723 3820 1810 3885 rege·
1899 3838 1911 3850 -
1999 3818 2030 3864 x.
2041 3821 2068 3864 s.

611 3932 661 3996 De
684 3933 828 4012 domina,
850 3956 913 4018 que
936 3937 1002 3999 fuit
1027 3957 1107 4000 uxor
1132 3936 1289 4001 Willelmi
1315 3937 1460 4022 Lybaud,
1486 3937 1555 4001 filia
1580 3937 1711 4001 Ricardi
1727 3937 1767 4000 de
1783 3934 1931 4012 uouere,
1948 3955 2005 4018 pro
2019 3935 2068 4020 iij.

567 4022 738 4103 quarteriis
767 4023 792 4107 j.
809 4022 832 4088 f.
864 4044 928 4106 que
967 4025 1132 4108 predictus
1169 4024 1328 4090 Ricardus
1354 4025 1463 4089 tenuit
1493 4026 1528 4088 in
1560 4026 1734 4091 Toriuron
1764 4029 1799 4087 et
1828 4023 1953 4102 Emns,
1984 4021 2069 4086 unde

568 4108 744 4175 Tomeos
759 4111 798 4173 de
813 4110 963 4174 Hemone
978 4109 1131 4193 Creuker,
1147 4119 1183 4177 et
1198 4112 1313 4179 Ense
1328 4112 1369 4176 de
1386 4112 1505 4176 comite
1521 4112 1668 4176 Insule-
1758 4151 1768 4162 ·
1858 4149 1869 4162 ·
1959 4128 2067 4176 xxxa.

611 4247 660 4311 De
674 4245 799 4311 'thoma
814 4248 855 4311 de
864 4249 970 4312 Aldon
984 4269 1042 4333 pro
1055 4250 1101 4316 di.
1113 4251 1136 4315 f.
1146 4251 1232 4334 quod
1244 4249 1405 4314 Rohertus
1419 4251 1460 4314 de
1479 4249 1683 4335 Burghershe
1699 4249 1808 4313 tenuit
1822 4250 1857 4311 in
1875 4247 2069 4316 Surmrmr

569 4335 610 4398 de
624 4335 744 4399 comite
759 4334 967 4400 Glouccatrie
1069 4373 1890 4390 ---------
1979 4355 2030 4400 xx.
2041 4357 2067 4400 s.

611 4470 659 4534 De
674 4472 820 4539 Johannc
834 4471 876 4536 de
891 4473 990 4556 Aspal
1003 4493 1060 4557 pro
1075 4474 1121 4540 di.
1138 4475 1161 4539 f.
1179 4482 1212 4538 et
1226 4475 1251 4560 j.
1269 4478 1431 4558 quarterio
1446 4475 1470 4561 j.
1487 4475 1510 4539 f.
1527 4494 1590 4559 que
1605 4473 1750 4558 Rogerus
1771 4473 1811 4536 de
1837 4471 1936 4556 Aspal
1960 4471 2070 4535 tenuit

568 4560 604 4622 in
620 4560 868 4626 Nassmmrsn
884 4561 926 4624 de
940 4561 1072 4624 domino
1087 4582 1163 4647 rege

611 4696 661 4761 De
675 4697 821 4763 Johanna
836 4699 876 4763 de
891 4697 1045 4776 Oobhum,
1060 4699 1177 4776 milite,
1191 4699 1260 4762 filio
1276 4699 1432 4783 Stephani
1448 4699 1487 4762 de
1502 4697 1656 4776 Oobham,
1673 4698 1800 4776 militis,
1815 4717 1871 4780 pro
1887 4696 1931 4762 di.
1947 4695 1968 4761 f.
1982 4696 2068 4780 quod

568 4784 732 4870 Margeria
747 4786 787 4849 de
802 4785 976 4849 Peucestre
993 4788 1104 4850 tenuit
1118 4788 1153 4849 in
1169 4788 1326 4852 Anauros
1342 4786 1381 4848 de
1397 4784 1546 4850 Johanne
1561 4786 1600 4849 dc
1615 4785 1710 4863 Roos,
1735 4790 1774 4847 ut
1795 4785 1835 4848 de
1860 4785 2004 4848 manerio
2027 4783 2067 4847 de

568 4872 697 4936 Horton
713 4871 877 4959 Kyflmby,
892 4880 926 4936 et
941 4874 1012 4958 ipse
1027 4872 1068 4936 de
1083 4872 1324 4956 archiepiscopo
1370 4909 1886 4924 ······
1976 4891 2026 4936 aa.
2038 4893 2064 4936 s.

611 5007 660 5072 De
685 5008 842 5073 Nicholao
867 5011 906 5074 de
932 5009 1124 5094 Dagworthe
1150 5030 1207 5093 pro
1232 5009 1257 5096 j.
1284 5011 1308 5075 f.
1335 5009 1423 5095 quod
1449 5009 1608 5074 Robertus
1632 5008 1673 5072 de
1700 5007 1865 5071 &occario
1889 5009 1999 5072 tenuit
2030 5009 2064 5071 in

568 5097 748 5162 Annnasos
765 5095 806 5159 de
821 5095 967 5161 Wsresio
982 5097 1022 5160 de
1038 5097 1154 5161 Monte
1170 5097 1286 5164 Ganiso
1375 5134 1893 5149 ------
1981 5095 2025 5161 xl.
2037 5114 2064 5160 c.

608 5232 657 5296 De
671 5232 795 5298 Thoma
811 5234 851 5297 dc
866 5233 1003 5319 Dytton,
1018 5240 1053 5298 et
1066 5233 1214 5298 Johanne
1229 5233 1371 5298 Meliord
1386 5254 1445 5317 pro
1454 5233 1482 5316 j.
1500 5233 1523 5298 f.
1550 5233 1636 5316 quod
1661 5231 1852 5315 Radulphus
1876 5231 1915 5294 de
1941 5231 2065 5315 Dytton

566 5325 601 5383 et
615 5319 770 5384 Ricardus
785 5321 826 5384 dc
841 5319 960 5384 Gorton
976 5325 1154 5385 tenuerunt
1165 5318 1232 5408 [in]
1251 5322 1413 5388 Oasunau
1428 5320 1469 5386 do
1483 5321 1719 5405 archiepiscopo
1732 5317 1968 5397 cantuariensi,
1979 5319 2065 5381 unde

565 5408 730 5472 Johannes
744 5409 786 5472 de
800 5408 941 5472 Meliord
957 5415 1046 5472 tenet
1061 5409 1086 5495 j.
1103 5410 1306 5492 quarterium
1321 5428 1380 5491 por
1394 5409 1645 5491 inquisicionem
1681 5445 1692 5458 ·
1783 5445 1793 5457 -
1884 5445 1894 5457 -
1983 5405 2026 5471 xl.
2037 5427 2064 5470 s.

608 5545 657 5608 De
670 5545 794 5609 'thoma
808 5545 849 5609 de
865 5546 971 5610 Aldon
986 5566 1043 5630 pro
1060 5547 1104 5612 di.
1122 5547 1145 5611 t.
1161 5553 1196 5609 et
1209 5546 1235 5632 j.
1253 5547 1417 5630 quarterio
1431 5547 1456 5632 j.
1474 5545 1497 5610 f.
1514 5566 1578 5629 que
1594 5544 1749 5608 Ricardus
1763 5543 1803 5607 de
1830 5541 2005 5626 Brampton
2030 5548 2064 5607 et

564 5631 754 5716 Radulphus
768 5633 808 5697 de
822 5632 948 5716 Dytton
963 5639 1141 5698 tenuerunt
1156 5636 1190 5696 in
1207 5634 1341 5700 Dnnaou
1357 5634 1396 5697 de
1410 5635 1532 5698 comite
1547 5631 1750 5697 Glouoestrie
1854 5667 1867 5677 ·
1954 5653 2062 5697 ms.

608 5770 657 5833 De
681 5790 815 5854 persona
845 5771 884 5835 de
910 5771 1064 5854 Leyburn
1088 5792 1147 5855 pro
1171 5770 1196 5857 j.
1226 5771 1391 5855 quarterio
1417 5777 1453 5835 et
1477 5769 1536 5857 ψ’
1559 5775 1650 5854 parto
1675 5769 1701 5856 j.
1727 5768 1886 5852 quarterii
1911 5766 1936 5853 j.
1953 5768 1977 5832 f.
2001 5788 2064 5852 que

565 5857 739 5935 Walterus,
754 5878 888 5941 persona
901 5858 942 5921 de
959 5858 1120 5943 heyburn,
1136 5860 1248 5924 tenuit
1263 5859 1297 5921 in
1324 5858 1506 5925 Larium
1530 5859 1570 5922 dc
1597 5859 1716 5920 comite
1744 5855 2005 5939 Huntingdonie,
2030 5862 2064 5919 et

566 5947 636 6030 ipsc
650 5946 691 6008 de
706 5946 870 6031 Margeria
883 5947 924 6011 de
939 5947 1073 6030 Bycen,
1088 5953 1122 6011 et
1137 5951 1208 6031 ipsa
1221 5947 1262 6010 de
1276 5966 1352 6030 rege
1423 5986 1434 5998 -
1525 5985 1535 5997 -
1626 5983 1636 5996 -
1727 5983 1737 5995 -
1826 5943 1931 6028 xvj.s.
1948 5943 2062 6030 viij.(l.
