5000 7050
1047 1067 1130 1131 A.D.
1156 1066 1252 1133 1303.

822 1358 937 1422 Fnom
959 1380 1004 1422 nn
1026 1358 1168 1422 Houonn
1191 1354 1484 1423 LANCASTRIE.

422 1487 475 1551 De
502 1490 659 1558 Roberto
687 1494 728 1557 de
758 1493 935 1579 Casthorpe
959 1501 1095 1560 tenente
1119 1497 1165 1562 di.
1191 1494 1215 1561 f.
1241 1497 1276 1558 in
1307 1496 1510 1572 Qsmom,
1533 1492 1618 1576 quod
1650 1489 1832 1555 Willelmus
1862 1490 1902 1552 de

381 1576 576 1662 Casthorpe
591 1581 757 1664 quondam
772 1584 893 1647 tenuit.

422 1710 474 1776 De
489 1712 646 1779 Roberto
660 1716 802 1780 Bretoun
818 1724 955 1781 tenente
971 1717 1040 1781 v²⁸¹¹¹
1054 1723 1180 1801 partem
1196 1723 1231 1783 et
1246 1718 1341 1805 xliiij.
1357 1720 1487 1803 partem
1502 1718 1527 1803 ]“.
1544 1718 1567 1783 f.
1582 1718 1617 1781 in
1634 1718 1902 1799 1311anqu

378 1798 556 1865 Bobertus
574 1805 615 1867 de
630 1804 786 1867 Bultham
801 1807 965 1889 quondam
980 1808 1101 1872 tenuit.

421 1937 475 2002 De
503 1942 623 2024 priore
647 1942 765 2006 Sancte
790 1943 947 2007 Katerine
970 1950 1103 2008 tenente
1128 1945 1172 2009 xl.
1197 1947 1326 2028 partem
1353 1948 1387 2007 et
1413 1946 1664 2026 campartem
1690 1942 1715 2027 j.
1732 1942 1756 2007 f.
1773 1944 1808 2004 in
1823 1941 1902 2005 villa

376 2026 552 2107 predicta,
567 2050 650 2113 quas
664 2030 825 2094 Robertus
840 2033 880 2095 de
895 2030 1054 2096 Bultham
1070 2032 1232 2116 quondam
1247 2032 1367 2097 tenuit.

419 2162 474 2224 De
491 2162 661 2227 Nicholao
675 2165 798 2228 Littres
811 2169 846 2229 et
861 2166 999 2229 Roberto
1015 2166 1129 2250 Engey
1142 2165 1331 2229 tenentibus
1345 2165 1558 2229 medietatem
1581 2182 1637 2228 un.
1664 2164 1687 2227 f.
1715 2172 1792 2225 cx⁸¹¹¹
1818 2170 1898 2226 xv&m

377 2254 514 2332 partem
531 2256 569 2315 et
586 2252 609 2317 1.
625 2258 753 2335 purtem
768 2253 792 2337 j.
808 2253 831 2317 f.
848 2254 883 2317 in
899 2254 999 2332 ΒοΒῑ,
1014 2254 1101 2337 quod
1116 2251 1283 2318 Johannes
1300 2252 1369 2316 Bek
1383 2252 1548 2335 quondam
1564 2252 1682 2315 tenuit.

422 2385 478 2448 De
511 2386 637 2450 abbate
666 2388 707 2451 de
736 2388 880 2477 qulyng
908 2395 1044 2454 tenente
1073 2392 1167 2477 xvj⁸¹¹¹
1192 2396 1319 2475 partem
1348 2392 1373 2477 j.
1400 2390 1422 2455 f.
1453 2392 1488 2453 in
1517 2389 1663 2473 predicta
1689 2386 1777 2463 villa,
1800 2405 1899 2470 quam

378 2470 560 2537 ‚Iohannes
577 2474 649 2537 Bek
663 2476 826 2560 quondam
841 2479 961 2542 tenuit.

422 2610 478 2673 De
516 2613 629 2695 priore
662 2612 780 2676 Sancte
810 2614 966 2679 Katerine
998 2619 1129 2679 tenente
1145 2604 1289 2701 'xlviijm
1317 2621 1443 2700 partem
1473 2616 1498 2701 ]“.
1523 2614 1546 2679 f.
1569 2616 1604 2678 in
1627 2614 1718 2679 Bossv
1740 2611 1897 2696 predicba,

378 2717 484 2782 quam
502 2699 678 2783 predictus
691 2700 714 2764 J
714 2701 855 2765 ohannes
869 2701 941 2765 Bek
956 2704 1121 2786 quondam
1135 2706 1253 2767 tenuit.

422 2836 479 2900 De
504 2839 662 2922 episeopo
683 2839 896 2903 Dunolmensi
917 2846 1050 2904 tenente
1072 2842 1117 2907 di.
1142 2841 1165 2907 f.
1189 2842 1224 2904 in
1249 2842 1438 2921 Somou,
1460 2840 1548 2926 quod
1563 2839 1723 2903 Waloerus
1748 2837 1789 2901 de
1812 2836 1899 2920 Grey

379 2930 415 2987 et
430 2926 581 2989 domina
595 2926 747 2990 Euiemia
760 2929 924 3010 quondam
938 2932 1126 2995 tenuerunt.

267 3119 271 3128 .
424 3059 482 3123 De
495 3061 657 3140 Munda,
668 3083 767 3127 uxore
777 3062 918 3126 Galfridi
933 3063 974 3126 de
986 3062 1148 3143 cletham,
1159 3070 1292 3128 tenente
1303 3063 1403 3151 iiijssm
1414 3068 1543 3149 partem
1558 3063 1581 3145 j.
1594 3064 1617 3128 f.
1627 3065 1661 3127 in
1675 3064 1899 3141 Bmcnnmoa,

379 3168 487 3231 quam
504 3148 669 3214 Ricardus
683 3150 770 3214 filius
785 3150 944 3213 Willelmi
959 3152 1123 3235 quondam
1138 3154 1257 3217 tenuit.

425 3283 483 3347 De
510 3285 620 3368 priore
646 3284 764 3349 Sancte
787 3286 947 3350 Katerine
975 3291 1110 3350 tenente
1134 3288 1168 3349 in
1193 3288 1340 3371 predicta
1365 3286 1443 3351 villa
1469 3285 1530 3371 iiij.
1554 3289 1682 3369 partem
1707 3286 1732 3371 j.
1760 3283 1784 3349 f.
1800 3248 1919 3367 quam*

382 3372 566 3453 predictus
580 3372 738 3437 Ricardus
755 3373 841 3436 filius
856 3374 1013 3437 Willelmi
1028 3374 1192 3457 quondam
1206 3376 1325 3439 tenuit.

428 3507 483 3572 De
514 3507 611 3571 Petro
636 3508 676 3571 de
701 3506 830 3591 Grelley
855 3511 988 3572 tenente
1013 3514 1080 3573 tres
1105 3514 1213 3593 partes
1235 3532 1291 3577 un.
1308 3510 1331 3576 f.
1348 3511 1383 3573 in
1405 3510 1580 3590 Bnoxfflm,
1596 3529 1677 3593 quas
1701 3505 1842 3572 Thomas
1857 3506 1898 3570 de

385 3594 531 3680 Grelley
545 3595 710 3680 quondam
724 3597 846 3660 tenuit.

263 3782 264 3810 ¹
428 3734 484 3799 De
513 3734 638 3796 Thoma
664 3733 705 3798 de
727 3733 855 3797 Molton
882 3740 1017 3800 tenente
1040 3736 1120 3799 duas
1145 3741 1255 3820 partes
1278 3738 1302 3822 j.
1328 3737 1352 3801 f.
1368 3737 1403 3800 in
1428 3737 1552 3816 an,
1570 3755 1650 3819 quas
1673 3734 1833 3798 Robertus
1857 3732 1897 3796 de

264 3819 266 3848 '¹
385 3820 527 3887 Molton
542 3823 704 3906 quondam
719 3824 841 3889 tenuit.

431 3958 489 4023 De
516 3959 669 4037 Hemico,
694 3961 816 4023 comite
841 3959 1022 4037 Lincolnie,
1036 3962 1168 4024 tenente
1194 3961 1218 4046 j.
1235 3961 1260 4026 f.
1276 3961 1311 4022 in
1339 3959 1512 4038 Luooenon,
1529 3958 1617 4042 quod
1639 3957 1831 4022 Lambertus
1858 3954 1898 4020 de

265 4068 266 4138 }
386 4044 525 4110 Molton
539 4046 704 4130 quondam
718 4047 837 4111 tenuit.

433 4185 489 4249 De
515 4183 622 4247 Adam
647 4184 688 4246 de
712 4183 783 4267 Tyd
808 4187 842 4247 et
866 4183 898 4249 J.
914 4184 955 4247 de
979 4183 1044 4247 Ros
1069 4189 1204 4249 tenente
1226 4185 1273 4250 di.
1289 4183 1313 4248 f.
1329 4185 1365 4248 in
1392 4184 1472 4263 Tyn,
1489 4183 1576 4268 quod
1601 4183 1701 4268 Hugo
1727 4183 1768 4246 de
1783 4180 1848 4245 Ros
1863 4184 1899 4245 et

389 4269 546 4357 Rogerus
560 4271 602 4335 de
616 4272 687 4355 Tyd
701 4271 865 4354 quondam
880 4277 1068 4356 tenugrunt.

414 4412 491 4495 *De
521 4409 662 4473 Roberto
691 4409 732 4472 de
763 4406 934 4472 Tateshale
967 4414 1102 4474 tenente
1133 4410 1179 4476 di.
1205 4410 1230 4475 f.
1257 4412 1294 4474 in
1325 4411 1469 4494 predicta
1494 4409 1573 4473 villa
1593 4408 1633 4472 de
1660 4408 1741 4488 Tm),
1768 4407 1899 4471 nomine

391 4499 617 4580 predictorum
631 4497 782 4581 Hugonis
796 4501 831 4560 et
845 4495 978 4580 Rogeri.

434 4637 492 4700 De
505 4633 630 4698 Thoma
644 4633 684 4697 de
699 4633 833 4719 Grelley
847 4638 985 4698 tenente
999 4635 1024 4720 j.
1041 4636 1064 4699 f.
1081 4636 1117 4698 in
1131 4633 1355 4718 wapentachio
1370 4636 1410 4700 de
1426 4637 1616 4714 Kmmori,
1632 4633 1719 4718 quod
1742 4631 1900 4717 magister

392 4725 434 4789 de
450 4723 587 4807 Grelley
601 4723 764 4806 quondam
778 4721 898 4786 tenuit.

435 4865 491 4929 De
505 4861 671 4926 Willelmo
696 4861 736 4924 de
762 4860 905 4924 Hundon
931 4864 1063 4924 tenente
1078 4861 1290 4926 medietatem
1301 4861 1329 4945 j.
1345 4861 1369 4926 f.
1387 4866 1523 4944 excepta
1536 4869 1592 4925 xv·
1612 4863 1704 4944 parte
1719 4861 1753 4922 et
1767 4858 1790 4922 l.
1807 4861 1899 4941 parte

388 4953 416 5034 j.
433 4954 460 5020 f.
477 4951 563 5035 quod
579 4950 690 5012 Simon
707 4948 747 5012 de
762 4947 1018 5032 Grympelthorp
1033 4949 1196 5033 quondam
1211 4951 1322 5013 tenuit
1336 4951 1373 5012 in
1388 4947 1512 5014 eadem.

437 5090 491 5154 De
504 5088 625 5154 abbate
639 5088 680 5152 de
694 5086 877 5169 Kyrkested
892 5089 1026 5149 tenente
1041 5087 1178 5150 terciam
1192 5056 1320 5171 partein
1331 5087 1359 5174 j.
1372 5087 1396 5153 f.
1408 5089 1442 5151 in
1459 5089 1729 5156 Gammmnonp
1744 5083 1900 5170 predicta,

394 5199 496 5262 quam
509 5176 676 5260 predictus
692 5173 805 5237 Simon
820 5173 983 5257 quondam
998 5175 1117 5241 tenuit.

435 5317 487 5380 De
502 5315 651 5400 priorissa
665 5312 704 5375 de
719 5310 826 5377 Cotun
841 5317 974 5376 tenente
989 5313 1033 5378 ix.
1050 5318 1178 5396 partem
1192 5319 1227 5376 et
1241 5334 1272 5378 x.
1289 5321 1415 5398 partem
1430 5313 1454 5396 j.
1469 5311 1493 5377 f.
1509 5314 1545 5375 in
1563 5311 1717 5379 Swnow.

437 5455 489 5518 De
502 5453 621 5518 abbate
636 5452 677 5515 de
692 5449 873 5536 Grymesby
888 5453 1021 5514 tenente
1036 5451 1106 5535 viij.
1121 5457 1230 5536 partes
1244 5454 1270 5538 ]“.
1286 5452 1310 5516 f.
1327 5454 1361 5517 in
1379 5453 1534 5520 Swnow.

436 5594 486 5656 De
501 5591 644 5656 Roberto
659 5590 700 5654 de
716 5589 919 5653 Somercotes
933 5595 1068 5653 tanente
1083 5591 1128 5675 xj.
1144 5595 1254 5674 par'tes
1268 5591 1293 5676 j.
1309 5591 1334 5656 f.
1350 5592 1386 5655 in
1404 5587 1898 5672 swnow,quam1zadu1fusde

396 5681 529 5746 Swalow
543 5678 708 5763 quondam
724 5679 843 5743 tenuit.

438 5817 487 5881 De
507 5817 614 5900 priore
633 5813 678 5877 de
699 5811 788 5878 Sixle
809 5818 947 5876 tenente
969 5812 1031 5899 iiij.
1054 5825 1182 5898 partem
1204 5814 1229 5900 j.
1253 5815 1276 5880 f.
1300 5817 1335 5878 in
1359 5815 1639 5892 Gmfflmnw,
1662 5831 1760 5895 quam
1784 5809 1898 5875 Simon

396 5906 436 5970 de
449 5898 704 5989 Grympelthorp
720 5899 884 5984 quondam
899 5902 1020 5966 tenuit.
1143 5923 1149 5932 ·
