5000 7050
1102 1058 1183 1124 AJ).
1210 1062 1305 1126 1346.
1887 1055 1948 1118 195

496 1339 681 1406 Willelmus
695 1343 738 1406 de
752 1343 967 1432 Yerdeburgh
993 1352 1030 1412 et
1052 1349 1230 1431 parcenarii
1255 1351 1306 1413 sui
1326 1353 1441 1413 tenent
1455 1348 1516 1432 iiij.
1532 1350 1669 1430 partem,
1686 1343 1756 1429 viij.
1772 1345 1897 1426 partem
1914 1345 1949 1406 et

452 1427 517 1512 xvj.
533 1436 657 1510 partem
672 1431 698 1516 j.
714 1432 739 1496 l.
755 1434 788 1494 in
806 1433 992 1514 Oscenses,
1005 1456 1084 1518 quas
1100 1436 1271 1520 Philippus
1286 1437 1326 1500 de
1343 1436 1461 1519 Kyme,
1473 1434 1644 1516 Philippus
1660 1431 1820 1512 Darcy‚et
1835 1428 1947 1494 Simon

453 1515 665 1601 Yerdeburgh
680 1521 843 1602 quondam
857 1526 1048 1588 tenuerunt.

497 1652 588 1715 Prior
602 1653 642 1717 de
657 1653 909 1742 Sempriugham
924 1663 1017 1722 tenet
1030 1660 1098 1744 xvj.
1114 1667 1239 1742 partem
1256 1660 1395 1744 predicti
1409 1657 1432 1722 f.
1448 1659 1483 1721 iu
1500 1657 1621 1721 cedem.

495 1788 654 1854 Robertus
679 1792 721 1856 de
742 1793 933 1859 Lekeboum
959 1799 1050 1860 tenet
1076 1795 1138 1881 iiij.
1154 1802 1283 1880 partem
1297 1797 1322 1882 j.
1340 1782 1363 1862 f.
1380 1797 1414 1858 in
1443 1797 1639 1873 Dnnsnnsr,
1662 1812 1760 1876 quam
1785 1791 1948 1856 Henricus

452 1876 645 1941 Lclreboum
659 1881 822 1962 qnondam
836 1884 954 1947 tenuit.

496 2014 658 2079 'senentes
682 2017 823 2081 Gilberti
848 2020 889 2082 de
915 2019 1029 2083 Gaunt
1051 2025 1165 2084 tenent
1187 2042 1218 2085 v.
1236 2025 1365 2104 partem
1391 2021 1416 2106 j.
1434 2019 1457 2084 f.
1487 2020 1520 2081 in
1548 2019 1792 2084 Permissum
1818 2017 1948 2079 nomine

454 2101 600 2185 ejusdem
615 2103 768 2183 Gilberti,
782 2127 860 2190 quas
876 2107 1040 2172 Walterus
1056 2109 1096 2172 de
1110 2107 1334 2192 Trikyngham
1350 2108 1514 2190 quondam
1529 2107 1651 2169 lenuit.

495 2238 658 2303 Teneutes
671 2240 831 2306 Johaunis
846 2243 975 2306 Gobaut
988 2250 1105 2308 tenent
1120 2266 1151 2311 x.
1169 2250 1296 2328 partem
1312 2249 1347 2308 et
1362 2266 1389 2306 c.
1406 2247 1533 2326 partem
1549 2263 1605 2308 un.
1623 2243 1646 2307 f.
1663 2243 1696 2304 in
1713 2241 1837 2320 eadem,
1851 2260 1949 2324 quam

452 2325 540 2390 idem
554 2327 576 2390 J
577 2327 720 2392 ohannes
734 2331 896 2414 quondam
912 2334 1033 2398 tenuit.

496 2464 662 2528 Amandus
685 2465 878 2530 Sourdevsle
902 2472 994 2532 tenet
1026 2490 1099 2534 xxv,
1123 2474 1253 2550 partem
1284 2469 1309 2554 j.
1337 2469 1361 2533 f.
1385 2468 1421 2529 in
1447 2467 1573 2543 eadem,
1597 2486 1696 2548 quarn
1723 2465 1886 2529 Walterus
1909 2465 1950 2528 de

453 2547 701 2637 'Pbrikyngham
715 2556 878 2638 quondam
893 2557 1013 2621 tenuit.

497 2689 664 2752 Amandus
697 2689 892 2756 Surdevhale
924 2697 1014 2757 tenet
1044 2715 1077 2758 ιι.
1100 2697 1229 2777 partem
1260 2693 1285 2778 j.
1309 2693 1333 2758 f.
1357 2693 1391 2756 in
1415 2691 1626 2769 Purswoern,
1660 2709 1758 2772 quam
1792 2689 1951 2753 Robertus

454 2772 671 2840 Sourdevhale
685 2779 848 2860 quondam
863 2781 983 2844 tenuit.

495 2911 638 2978 Thomas
659 2915 771 2999 Durvy
793 2922 884 2982 tenet
905 2918 967 3004 iiij.
990 2925 1119 3002 partem
1140 2920 1166 3004 j.
1190 2918 1213 2980 i.
1236 2919 1272 2982 in
1297 2919 1462 2996 Hsscnsr,
1488 2937 1587 3001 quam
1611 2915 1796 2980 Willelmus
1812 2915 1953 2998 Durtvly

378 3095 385 3102 .
453 3003 618 3082 quondam
632 3005 753 3070 tenuit.

383 3215 386 3220 ¹
496 3139 586 3202 Prior
608 3141 650 3204 de
672 3141 923 3228 Sempringham
944 3150 1037 3210 tenet
1057 3145 1102 3231 vj.
1126 3149 1255 3228 partem
1278 3164 1335 3209 un.
1360 3143 1384 3208 ι.
1408 3143 1444 3206 in
1467 3143 1642 3224 Wmcora,
1664 3160 1764 3225 quam
1790 3105 1952 3204 Robsrtus

454 3227 495 3289 de
511 3225 664 3312 Birthorp
679 3232 841 3312 quondam
851 3233 977 3296 tenuit.

499 3362 682 3428 Willelmus
704 3367 745 3430 de
767 3366 894 3431 Fenton
919 3373 1009 3433 tenet
1030 3369 1076 3434 di.
1100 3369 1124 3434 f.
1148 3369 1184 3432 in
1205 3368 1354 3447 sarion,
1378 3367 1465 3451 quod
1488 3365 1672 3430 Willelmus
1700 3365 1741 3429 de
1764 3363 1953 3450 Wylughby

454 3450 618 3535 quondam
640 3456 760 3518 tenuit.

498 3588 661 3673 Margeria
682 3591 722 3653 de
744 3544 913 3675 Aylesforil
935 3600 1025 3659 tenet
1048 3594 1093 3659 di.
1117 3592 1142 3659 f.
1166 3594 1201 3657 in
1224 3594 1437 3660 Burrscrrsn
1460 3598 1495 3655 et
1520 3592 1661 3669 Sciron,
1683 3590 1771 3673 quod
1793 3588 1954 3654 Gerardns

456 3675 612 3739 Fumival
628 3678 790 3760 quondam
806 3682 924 3744 tenuit.

500 3814 607 3876 Abbas
627 3813 669 3877 de
690 3814 827 3879 Nuttele
848 3822 940 3881 tenet
962 3816 1023 3903 iiij.
1046 3822 1173 3901 partem
1204 3798 1231 3902 js
1250 3816 1274 3882 f.
1298 3820 1334 3878 in
1366 3788 1576 3883 Barrnouasi
1610 3819 1646 3878 et
1680 3812 1821 3893 Sueuos,
1855 3833 1954 3895 quam

456 3899 621 3965 walcerus
635 3902 677 3965 de
691 3900 801 3987 Burgo
816 3904 978 3988 quondam
993 3905 1113 3970 tenuit.
1668 3914 1673 3925 '

501 4036 672 4101 Predietus
693 4038 790 4102 abbas
812 4046 902 4103 tenet
923 4041 969 4107 di.
992 4042 1016 4107 f.
1038 4042 1074 4104 in
1097 4042 1365 4109 Tsarcsnrsoae
1390 4040 1516 4121 (rectior
1553 4038 1836 4119 Srmcnmsone),
1868 4038 1954 4121 quod

456 4125 545 4188 idem
559 4124 723 4188 Walterus
737 4129 901 4211 quondam
916 4129 1034 4193 tenuit.
1613 4181 1617 4190 ,

503 4262 596 4325 Prior
609 4262 649 4326 de
665 4261 922 4350 Sempryngham
935 4270 1029 4330 tenet
1042 4266 1066 4352 j.
1082 4265 1107 4331 f.
1122 4266 1158 4329 in
1173 4265 1297 4331 eadem.

500 4398 657 4463 Ricardus
673 4400 782 4464 Almot
797 4405 890 4465 tenet
910 4402 948 4488 ij.
974 4409 1084 4485 partes
1105 4402 1130 4488 j.
1145 4404 1172 4468 f.
1194 4406 1330 4486 excepta
1350 4408 1387 4463 ιι*
1402 4406 1497 4485 parte
1519 4421 1574 4466 un.
1590 4399 1613 4465 f.
1629 4401 1664 4463 in
1686 4400 1858 4480 Besnnorr,
1875 4420 1956 4483 quas

458 4488 620 4551 Robertus
635 4488 746 4551 Almot
760 4488 923 4571 quondam
938 4492 1057 4556 tenuit.
1108 4548 1112 4553 .

502 4624 596 4688 Prior
610 4625 651 4688 de
666 4624 766 4709 Hagh
781 4631 874 4690 tenet
888 4648 919 4691 r„
936 4633 1062 4710 partem
1077 4628 1102 4713 j.
1118 4628 1143 4693 f.
1159 4629 1195 4691 in
1211 4599 1335 4691 eadem.

501 4763 594 4825 Prior
615 4762 798 4846 Hospitalis
813 4762 925 4826 Sancti
940 4764 1099 4828 Johannis
1113 4764 1295 4829 Jerusalem
1309 4768 1399 4827 tenet
1414 4761 1475 4849 iiij.
1492 4768 1620 4846 partem
1640 4760 1706 4847 j.f.
1723 4762 1759 4825 in
1782 4763 1955 4843 Belsinon,

459 4872 556 4934 qnam
571 4852 727 4934 magister
740 4850 863 4914 milicie
879 4852 1004 4935 Templi
1021 4854 1184 4934 quondam
1199 4852 1318 4917 tenuit.
1438 4908 1440 4915 .

502 4988 592 5051 Prior
606 4988 648 5051 de
663 4986 920 5073 Sempryngham
934 4996 1027 5053 tenet
1041 4988 1102 5075 iiij.
1118 4993 1245 5073 partem
1261 4990 1285 5075 j.
1302 4989 1324 5050 f.
1340 4989 1376 5051 in
1392 4988 1608 5055 (iussnwsnn.

502 5126 595 5189 Prior
624 5124 806 5207 Hospitalis
838 5125 951 5189 Sancti
972 5126 1131 5191 Johannis
1153 5133 1243 5191 tenet
1265 5128 1310 5192 di.
1333 5125 1356 5191 f.
1381 5125 1414 5188 in
1439 5125 1656 5205 Censuimus,
1679 5145 1777 5209 quam
1803 5124 1956 5210 magister

460 5213 581 5277 milicie
594 5212 723 5294 Templi
737 5213 901 5295 quondam
916 5216 1035 5281 tenuit.

864 5531 979 5599 Frons
1002 5532 1185 5603 GOMIPIS
1207 5524 1553 5601 RYOHEMUNDIE.

503 5692 592 5757 Item
606 5693 693 5757 idern
706 5692 863 5780 iuratores
877 5696 990 5760 dicunt
1005 5698 1090 5781 quod
1100 5708 1153 5761 2-ss

502 5828 693 5983 Rapulplpps
715 5832 755 5976 dp
777 5832 880 5917 Parys
901 5839 994 5899 tenet
1016 5834 1041 5921 j
1063 5841 1189 5919 partem
1211 5834 1237 5922 j.
1262 5836 1285 5899 f.
1301 5834 1336 5898 in
1360 5833 1480 5915 Suom,
1496 5850 1595 5921 quam
1617 5828 1763 5921 Rogcruo
1785 5828 1825 5896 de
1847 5827 1956 5897 Keten

460 5937 548 6001 quon
571 5939 626 5983 arn
677 5938 761 5985 nur.
