5000 7050
1141 1092 1222 1159 A.D.
1249 1097 1344 1161 1428.
1924 1104 1987 1169 387

538 1392 683 1459 Ecclesia
697 1390 839 1457 OMNIUM
857 1389 1053 1456 Saacsoaaas
1069 1388 1110 1451 ds
1127 1390 1280 1456 Sassiae
1293 1392 1329 1454 in
1344 1393 1450 1457 warda
1471 1395 1511 1458 de
1533 1395 1736 1463 Lacaenas
1758 1395 1844 1460 infra
1867 1396 1990 1461 dictam

492 1484 660 1546 civitatem
675 1478 761 1543 valet
777 1495 970 1560 perannum
986 1476 1031 1560 vj.
1042 1477 1063 1541 l.
1080 1475 1148 1562 xiij.
1160 1500 1185 1542 s.
1203 1477 1265 1563 iiij
1275 1480 1307 1544 d.

540 1618 686 1685 Ecclesia
702 1616 816 1680 Bassa
832 1612 946 1678 Massa
961 1612 1003 1675 de
1018 1612 1236 1683 Fescnmcaa
1251 1616 1286 1678 in
1302 1617 1414 1681 eadem
1430 1622 1535 1684 warda
1550 1622 1638 1685 valet
1651 1642 1708 1704 per
1723 1640 1846 1683 annum
1861 1621 1930 1706 xiij.
1941 1623 1963 1685 l.

539 1757 683 1821 Ecclesia
701 1756 819 1823 Saacss
835 1754 985 1819 Dsomsn
999 1754 1035 1815 in
1050 1752 1161 1817 eadem
1176 1754 1284 1819 warda
1297 1758 1384 1821 valet
1399 1780 1593 1843 perannum
1608 1763 1673 1849 xvj.
1686 1765 1707 1828 l.

539 1896 682 1960 Ecclesia
699 1894 817 1961 Ssaca1
831 1891 996 1957 Essiam
1011 1890 1045 1953 in
1062 1890 1174 1954 eadem
1189 1894 1294 1957 warda
1309 1896 1397 1960 valet
1411 1918 1468 1981 per
1483 1916 1606 1963 annum
1620 1922 1671 1965 xx.
1682 1902 1704 1965 l.

539 2035 685 2098 Ecclesia
702 2033 821 2100 Sason
837 2029 1000 2094 Nmaoaai
1016 2028 1051 2091 in
1066 2027 1182 2091 eadem
1197 2030 1302 2093 warda
1317 2032 1403 2097 valet
1417 2054 1473 2117 per
1487 2056 1608 2099 annum
1623 2058 1654 2103 x.
1664 2037 1686 2103 l.
1780 1995 1783 2003 Ι

541 2171 683 2235 Ecclesia
696 2169 809 2235 Bassa
824 2165 937 2231 Meam
953 2164 1124 2231 Wcasoass
1139 2166 1174 2229 in
1189 2166 1300 2230 eadem
1315 2140 1420 2232 sarda
1434 2171 1521 2236 valet
1534 2193 1592 2256 per
1605 2192 1726 2237 annum
1741 2172 1832 2260 xviij.
1842 2174 1865 2239 l.

540 2309 684 2375 Ecclesia
701 2306 828 2377 Ssacsa
843 2304 956 2371 Meam
972 2309 1042 2368 alte
1058 2304 1128 2372 Nax
1143 2306 1177 2369 in
1193 2307 1298 2370 warda
1312 2308 1352 2372 de
1367 2309 1464 2376 Lassa
1482 2312 1611 2379 Sassia
1628 2314 1713 2378 valet
1726 2334 1783 2399 per
1796 2332 1919 2377 annam
1938 2332 1994 2376 sex

496 2418 627 2465 marcas.

541 2535 685 2600 Ecclesia
702 2532 821 2601 Sason
836 2529 1021 2597 Bassamcss
1036 2530 1072 2593 in
1087 2530 1192 2595 warda
1208 2532 1330 2600 Poeans
1347 2534 1433 2598 valet
1448 2554 1641 2618 perannum
1656 2502 1775 2622 viginti
1795 2558 1929 2603 marcas.

542 2673 687 2738 Ecclesia
704 2672 822 2740 Sason
838 2669 1011 2735 Lacaenas
1026 2671 1062 2731 iu
1078 2669 1191 2734 eadem
1205 2671 1310 2735 warda
1320 2671 1406 2736 valet
1421 2694 1616 2756 perannum
1631 2674 1846 2761 quadraginta
1860 2695 1993 2740 marcas.

543 2812 685 2877 Ecclesia
702 2810 829 2877 Scaeas
844 2806 1050 2874 Maacaaaaa
1066 2808 1101 2872 in
1116 2809 1226 2872 eadem
1243 2810 1349 2874 warda
1362 2812 1449 2873 valet
1462 2833 1519 2895 per
1532 2833 1655 2878 annum
1671 2834 1722 2879 ss.
1732 2815 1753 2878 l.

542 2950 687 3014 Ecclesia
703 2948 822 3016 Sason
837 2944 952 3011 Meam
966 2946 1000 3007 in
1017 2946 1132 3009 eadem
1149 2946 1253 3010 warda
1267 2948 1354 3012 valet
1368 2968 1427 3032 per
1441 2968 1563 3014 annum
1579 2950 1623 3017 xl.
1633 2953 1655 3016 l.

543 3088 685 3153 Ecclesia
702 3087 821 3155 Scaea
837 3084 1009 3150 Boauassn
1023 3084 1059 3147 in
1074 3084 1178 3148 warda
1193 3084 1234 3148 de
1250 3084 1444 3153 Psessoxas
1459 3087 1546 3152 infra
1567 3089 1690 3153 dictam
1712 3090 1881 3155 civilatem
1909 3093 1996 3156 valet

501 3200 557 3265 per
571 3194 694 3240 annum
710 3172 828 3257 viginti
843 3190 974 3236 marcas.

544 3311 693 3377 Ecclesia
718 3309 838 3379 saaca
861 3307 1049 3374 anaams
1075 3310 1110 3372 in
1126 3310 1231 3372 warda
1254 3310 1295 3374 de
1321 3310 1546 3393 Qasaaamsa
1569 3312 1653 3379 infra
1677 3314 1801 3379 dictam
1830 3316 1998 3381 civitatem

501 3402 587 3468 valet
601 3417 794 3484 perannum
810 3396 1025 3481 quadraginta
1039 3416 1097 3459 sex
1111 3417 1247 3461 marcas.

545 3541 689 3606 Ecclesia
716 3538 842 3607 Saaesa
869 3535 982 3602 Massa
1006 3535 1202 3604 Scaeasaaa
1228 3537 1263 3599 in
1279 3536 1392 3600 eadem
1407 3539 1513 3602 warda
1527 3539 1615 3605 valea
1629 3557 1821 3622 perannum
1835 3541 1947 3606 decem
1961 3547 1998 3608 et

501 3638 572 3696 ocio
587 3648 720 3693 marcas.

545 3766 689 3833 Ecclesia
705 3764 832 3832 Siscia
846 3759 959 3826 Meam
974 3757 1253 3828 Mounsalsaaesa
1268 3761 1303 3824 in
1319 3761 1433 3825 eadem
1449 3762 1554 3824 warda
1568 3762 1654 3826 valet
1668 3783 1865 3846 perannum
1879 3765 1928 3853 iiij
1933 3816 1941 3831 .
1952 3769 1974 3833 i.

546 3921 689 3988 Ecclesia
705 3918 824 3988 Scaeas
840 3915 1004 3982 Naeuam
1019 3916 1132 3983 anva
1151 3916 1219 3996 (sic)
1238 3917 1273 3982 ia
1287 3889 1404 3980 eadem'
1417 3915 1521 3979 warda
1535 3917 1622 3981 valet
1637 3937 1829 4000 perannum
1844 3918 1918 3986 ial-

546 4075 691 4141 Ecclesia
707 4071 826 4140 Sason
841 4068 1003 4137 Nscnonat
1019 4069 1132 4137 Conna
1147 4071 1262 4137 Aaass
1275 4069 1310 4132 in
1326 4069 1439 4134 eadem
1454 4070 1562 4134 warda
1574 4067 1663 4134 salai
1677 4089 1735 4154 per
1748 4090 1872 4136 annum
1886 4071 1951 4160 xvj.
1961 4074 1984 4138 l.

547 4225 692 4291 Ecclesia
708 4223 828 4292 saaca
843 4219 947 4287 Pam
962 4220 998 4283 in
1012 4220 1124 4288 eadem
1140 4222 1244 4285 warda
1259 4220 1346 4284 valet
1360 4241 1419 4305 per
1433 4239 1559 4285 annum
1573 4219 1689 4284 decem
1704 4240 1839 4287 marcas.

549 4377 693 4442 Ecclesia
709 4376 828 4445 Sason
844 4373 946 4440 Onavi
961 4373 995 4434 in
1012 4369 1116 4436 warda
1132 4372 1258 4440 Eumae
1273 4372 1362 4435 valet
1375 4391 1433 4456 per
1447 4391 1572 4436 annum
1585 4392 1617 4437 x.
1628 4369 1676 4438 l·

548 4513 858 4666 E⁰⁰¹²⁸ii²..({m⁰³¹
887 4510 1084 4577 siscaoaua
1110 4510 1150 4574 de
1176 4511 1338 4576 Baassse
1363 4510 1516 4579 emona
1538 4511 1572 4574 in
1595 4510 1708 4574 eadem
1722 4511 1828 4576 warda
1842 4512 1929 4576 valet
1944 4534 2002 4597 per

508 4621 627 4668 annam
642 4623 755 4687 xiuj..
1921 4625 1924 4628 ·

550 4739 697 4803 Ecclesia
721 4737 839 4805 Salices
870 4734 1041 4800 Duaesam
1070 4733 1105 4796 in
1131 4731 1243 4796 eadem
1274 4734 1379 4797 warda
1407 4735 1494 4798 valet
1523 4755 1581 4818 per
1610 4753 1735 4799 annum
1764 4737 2003 4822 quinquaginta

509 4847 641 4890 marcas.

550 4963 694 5028 Ecclesia
722 4962 840 5030 Scaeas
858 4960 1012 5025 'Massam
1036 4959 1072 5021 in
1087 4959 1190 5022 warda
1204 4956 1369 5025 Vmaama
1394 4957 1479 5022 infra
1504 4958 1625 5022 dictam
1653 4936 1821 5026 civilalem
1836 4962 1923 5027 valet
1946 4983 2003 5046 per

509 5071 630 5116 annum
644 5050 689 5134 xj.
703 5051 725 5114 l.
740 5050 786 5134 vj.
798 5071 825 5114 e.
841 5047 910 5134 viij.
921 5048 953 5112 d.

551 5205 698 5271 Ecclesia
715 5203 833 5272 Sason
848 5203 1037 5270 Maeniana
1051 5205 1087 5266 in
1102 5203 1215 5267 eadem
1229 5203 1335 5268 warda
1348 5201 1434 5269 valet
1449 5224 1507 5287 per
1521 5190 1643 5267 ancum
1658 5225 1690 5270 x.
1701 5206 1723 5269 l.

552 5358 698 5425 Ecclesia
714 5357 832 5424 saaca
848 5355 968 5422 sacac
983 5357 1146 5423 Aeosaom
1161 5358 1196 5421 in
1212 5358 1325 5423 eadem
1339 5357 1446 5424 warda
1460 5359 1547 5423 valet
1562 5379 1618 5442 per
1632 5379 1754 5423 annum
1768 5357 1839 5444 viij.
1849 5360 1872 5425 l.

553 5513 697 5578 Ecclesia
714 5512 832 5580 Scaeas
848 5510 962 5578 Jacoa1
977 5511 1013 5574 in
1028 5511 1140 5575 eadem
1156 5512 1262 5576 warda
1276 5513 1362 5577 valet
1376 5534 1435 5598 per
1449 5535 1571 5578 annum
1586 5516 1707 5600 viginti
1721 5532 1855 5584 mareas·

553 5639 700 5732 Ecclesia
717 5667 842 5735 Siscia
859 5666 1049 5734 Tams'rffls
1064 5669 1099 5731 in
1115 5668 1228 5732 eadem
1243 5670 1349 5733 warda
1364 5669 1451 5733 valet
1465 5690 1657 5754 perannum
1673 5691 1704 5735 x.
1715 5671 1739 5737 l.

553 5824 699 5889 Ecclesia
726 5825 844 5892 iliacas
870 5824 1035 5892 Joaaaass
1060 5824 1095 5887 ia
1121 5824 1227 5890 warda
1252 5825 1293 5890 de
1316 5825 1486 5896 Wasaaox
1499 5828 1586 5893 infra
1599 5828 1723 5893 dictam
1737 5825 1906 5891 civilatem
1921 5824 2007 5892 valet

512 5931 704 5993 perannum
719 5913 839 5996 viginti
853 5932 986 5976 marcas.
