<?xml version="1.0" encoding="UTF-8"?>
<!DOCTYPE html PUBLIC "-//W3C//DTD XHTML 1.0 Transitional//EN"
    "http://www.w3.org/TR/xhtml1/DTD/xhtml1-transitional.dtd">
<html xmlns="http://www.w3.org/1999/xhtml" xml:lang="en" lang="en">
 <head>
  <title>
</title>
<meta http-equiv="Content-Type" content="text/html;charset=utf-8" />
  <meta name='ocr-system' content='tesseract 3.04.00' />
  <meta name='ocr-capabilities' content='ocr_page ocr_carea ocr_par ocr_line ocrx_word'/>
</head>
<body>
  <div class='ocr_page' id='page_1' title='image "./inquisitionsand00offigoog_0361.png"; bbox 0 0 5000 7050; ppageno 0'>
   <div class='ocr_carea' id='block_1_1' title="bbox 1117 1097 2054 1181">
    <p class='ocr_par' dir='ltr' id='par_1_1' title="bbox 1117 1097 2054 1181">
     <span class='ocr_line' id='line_1_1' title="bbox 1117 1097 2054 1181; baseline -0.001 -3"><span class='ocrx_word' id='word_1_1' title='bbox 1117 1114 1198 1179; x_wconf 76' lang='lat' dir='ltr'>An.</span> <span class='ocrx_word' id='word_1_2' title='bbox 1225 1116 1319 1181; x_wconf 80' lang='lat'>1431.</span> <span class='ocrx_word' id='word_1_3' title='bbox 1902 1114 1965 1177; x_wconf 73' lang='lat' dir='ltr'>sos</span> <span class='ocrx_word' id='word_1_4' title='bbox 2049 1097 2054 1105; x_wconf 85' lang='grc'>’</span> 
     </span>
    </p>
   </div>
   <div class='ocr_carea' id='block_1_2' title="bbox 468 1400 1967 1573">
    <p class='ocr_par' dir='ltr' id='par_1_2' title="bbox 468 1400 1967 1573">
     <span class='ocr_line' id='line_1_2' title="bbox 510 1400 1967 1486; baseline 0.001 -23"><span class='ocrx_word' id='word_1_5' title='bbox 510 1400 674 1465; x_wconf 80' lang='lat' dir='ltr'>Johennes</span> <span class='ocrx_word' id='word_1_6' title='bbox 690 1400 809 1485; x_wconf 86' lang='lat' dir='ltr'>Persay</span> <span class='ocrx_word' id='word_1_7' title='bbox 823 1403 865 1465; x_wconf 94' lang='lat' dir='ltr'>de</span> <span class='ocrx_word' id='word_1_8' title='bbox 881 1402 989 1485; x_wconf 83' lang='lat' dir='ltr'>Ryton</span> <span class='ocrx_word' id='word_1_9' title='bbox 1004 1403 1039 1465; x_wconf 93' lang='lat' dir='ltr'>in</span> <span class='ocrx_word' id='word_1_10' title='bbox 1053 1404 1213 1465; x_wconf 80' lang='lat' dir='ltr'>comitatu</span> <span class='ocrx_word' id='word_1_11' title='bbox 1230 1404 1375 1480; x_wconf 80' lang='lat' dir='ltr'><strong>Eboraci,</strong></span> <span class='ocrx_word' id='word_1_12' title='bbox 1392 1402 1596 1486; x_wconf 78' lang='lat' dir='ltr'>gentylman,</span> <span class='ocrx_word' id='word_1_13' title='bbox 1610 1403 1675 1465; x_wconf 83' lang='lat' dir='ltr'>fuit</span> <span class='ocrx_word' id='word_1_14' title='bbox 1691 1403 1822 1465; x_wconf 86' lang='lat' dir='ltr'>scisitus</span> <span class='ocrx_word' id='word_1_15' title='bbox 1847 1408 1910 1466; x_wconf 85' lang='lat' dir='ltr'>etc.</span> <span class='ocrx_word' id='word_1_16' title='bbox 1926 1402 1967 1465; x_wconf 89' lang='lat' dir='ltr'>de</span> 
     </span>
     <span class='ocr_line' id='line_1_3' title="bbox 468 1488 1943 1573; baseline 0.003 -24"><span class='ocrx_word' id='word_1_17' title='bbox 468 1489 611 1552; x_wconf 82' lang='lat' dir='ltr'>manerio</span> <span class='ocrx_word' id='word_1_18' title='bbox 626 1488 666 1552; x_wconf 92' lang='lat' dir='ltr'>de</span> <span class='ocrx_word' id='word_1_19' title='bbox 682 1490 830 1557; x_wconf 77' lang='lat' dir='ltr'>Wnnusr</span> <span class='ocrx_word' id='word_1_20' title='bbox 843 1510 918 1553; x_wconf 87' lang='lat' dir='ltr'>oum</span> <span class='ocrx_word' id='word_1_21' title='bbox 935 1490 1057 1569; x_wconf 76' lang='lat' dir='ltr'>Pourn,</span> <span class='ocrx_word' id='word_1_22' title='bbox 1074 1495 1108 1553; x_wconf 91' lang='lat' dir='ltr'>ct</span> <span class='ocrx_word' id='word_1_23' title='bbox 1124 1495 1257 1554; x_wconf 92' lang='lat' dir='ltr'>tenetur</span> <span class='ocrx_word' id='word_1_24' title='bbox 1271 1511 1329 1573; x_wconf 94' lang='lat' dir='ltr'>per</span> <span class='ocrx_word' id='word_1_25' title='bbox 1343 1490 1515 1553; x_wconf 83' lang='lat' dir='ltr'><strong>servicium</strong></span> <span class='ocrx_word' id='word_1_26' title='bbox 1530 1490 1656 1552; x_wconf 78' lang='lat' dir='ltr'>decime</span> <span class='ocrx_word' id='word_1_27' title='bbox 1672 1489 1772 1573; x_wconf 83' lang='lat' dir='ltr'>partis</span> <span class='ocrx_word' id='word_1_28' title='bbox 1787 1490 1810 1553; x_wconf 85' lang='lat' dir='ltr'>f.</span> <span class='ocrx_word' id='word_1_29' title='bbox 1826 1509 1882 1553; x_wconf 90' lang='lat' dir='ltr'>nn.</span> <span class='ocrx_word' id='word_1_30' title='bbox 1898 1510 1943 1553; x_wconf 91' lang='lat' dir='ltr'>m.</span> 
     </span>
    </p>
   </div>
   <div class='ocr_carea' id='block_1_3' title="bbox 469 1628 1966 1801">
    <p class='ocr_par' dir='ltr' id='par_1_3' title="bbox 469 1628 1966 1801">
     <span class='ocr_line' id='line_1_4' title="bbox 513 1628 1966 1713; baseline 0.003 -23"><span class='ocrx_word' id='word_1_31' title='bbox 513 1628 674 1692; x_wconf 90' lang='lat' dir='ltr'>Henricus</span> <span class='ocrx_word' id='word_1_32' title='bbox 688 1630 839 1693; x_wconf 84' lang='lat' dir='ltr'>Retiorth</span> <span class='ocrx_word' id='word_1_33' title='bbox 856 1630 895 1693; x_wconf 91' lang='lat' dir='ltr'>de</span> <span class='ocrx_word' id='word_1_34' title='bbox 912 1628 1043 1693; x_wconf 85' lang='lat' dir='ltr'>Csrlton</span> <span class='ocrx_word' id='word_1_35' title='bbox 1060 1630 1204 1713; x_wconf 73' lang='lat' dir='ltr'>PsynelL</span> <span class='ocrx_word' id='word_1_36' title='bbox 1220 1631 1325 1707; x_wconf 90' lang='lat' dir='ltr'>miles,</span> <span class='ocrx_word' id='word_1_37' title='bbox 1341 1631 1406 1692; x_wconf 86' lang='lat' dir='ltr'>fuit</span> <span class='ocrx_word' id='word_1_38' title='bbox 1421 1633 1563 1694; x_wconf 85' lang='lat' dir='ltr'>seisitus</span> <span class='ocrx_word' id='word_1_39' title='bbox 1588 1635 1651 1694; x_wconf 87' lang='lat' dir='ltr'>etc.</span> <span class='ocrx_word' id='word_1_40' title='bbox 1679 1630 1719 1693; x_wconf 92' lang='lat' dir='ltr'>de</span> <span class='ocrx_word' id='word_1_41' title='bbox 1745 1631 1900 1693; x_wconf 80' lang='lat' dir='ltr'>maneriis</span> <span class='ocrx_word' id='word_1_42' title='bbox 1926 1631 1966 1695; x_wconf 90' lang='lat' dir='ltr'>de</span> 
     </span>
     <span class='ocr_line' id='line_1_5' title="bbox 469 1714 1867 1801; baseline 0.001 -22"><span class='ocrx_word' id='word_1_43' title='bbox 469 1714 702 1783; x_wconf 81' lang='lat' dir='ltr'>Knnrnononu</span> <span class='ocrx_word' id='word_1_44' title='bbox 718 1720 752 1781; x_wconf 88' lang='lat' dir='ltr'>et</span> <span class='ocrx_word' id='word_1_45' title='bbox 766 1718 966 1795; x_wconf 81' lang='lat' dir='ltr'>Wonnrnnr,</span> <span class='ocrx_word' id='word_1_46' title='bbox 981 1723 1015 1781; x_wconf 86' lang='lat' dir='ltr'>et</span> <span class='ocrx_word' id='word_1_47' title='bbox 1030 1722 1183 1781; x_wconf 89' lang='lat' dir='ltr'>tenentur</span> <span class='ocrx_word' id='word_1_48' title='bbox 1199 1738 1254 1801; x_wconf 90' lang='lat' dir='ltr'>per</span> <span class='ocrx_word' id='word_1_49' title='bbox 1270 1718 1441 1781; x_wconf 79' lang='lat' dir='ltr'>servicium</span> <span class='ocrx_word' id='word_1_50' title='bbox 1456 1719 1583 1781; x_wconf 78' lang='lat' dir='ltr'>decime</span> <span class='ocrx_word' id='word_1_51' title='bbox 1598 1720 1700 1801; x_wconf 80' lang='lat' dir='ltr'>portis</span> <span class='ocrx_word' id='word_1_52' title='bbox 1715 1719 1737 1783; x_wconf 85' lang='lat' dir='ltr'>i.</span> <span class='ocrx_word' id='word_1_53' title='bbox 1753 1738 1807 1782; x_wconf 90' lang='lat' dir='ltr'>un.</span> <span class='ocrx_word' id='word_1_54' title='bbox 1822 1739 1867 1782; x_wconf 90' lang='lat' dir='ltr'>m.</span> 
     </span>
    </p>
   </div>
   <div class='ocr_carea' id='block_1_4' title="bbox 514 1848 1604 1936">
    <p class='ocr_par' dir='ltr' id='par_1_4' title="bbox 514 1848 1604 1936">
     <span class='ocr_line' id='line_1_6' title="bbox 514 1848 1604 1936; baseline 0.007 -27"><span class='ocrx_word' id='word_1_55' title='bbox 514 1848 598 1910; x_wconf 88' lang='lat' dir='ltr'>Item</span> <span class='ocrx_word' id='word_1_56' title='bbox 614 1848 729 1917; x_wconf 88' lang='lat' dir='ltr'>dicunt</span> <span class='ocrx_word' id='word_1_57' title='bbox 743 1850 828 1933; x_wconf 92' lang='lat' dir='ltr'>quod</span> <span class='ocrx_word' id='word_1_58' title='bbox 843 1854 893 1912; x_wconf 90' lang='lat' dir='ltr'>est</span> <span class='ocrx_word' id='word_1_59' title='bbox 908 1851 941 1912; x_wconf 92' lang='lat' dir='ltr'>in</span> <span class='ocrx_word' id='word_1_60' title='bbox 959 1850 1097 1916; x_wconf 75' lang='lat' dir='ltr'>Bonnnr</span> <span class='ocrx_word' id='word_1_61' title='bbox 1113 1871 1167 1916; x_wconf 89' lang='lat' dir='ltr'>un.</span> <span class='ocrx_word' id='word_1_62' title='bbox 1184 1851 1206 1916; x_wconf 89' lang='lat' dir='ltr'>f.</span> <span class='ocrx_word' id='word_1_63' title='bbox 1223 1872 1266 1917; x_wconf 91' lang='lat' dir='ltr'>m.</span> <span class='ocrx_word' id='word_1_64' title='bbox 1283 1854 1381 1915; x_wconf 90' lang='lat' dir='ltr'>setin</span> <span class='ocrx_word' id='word_1_65' title='bbox 1395 1872 1494 1915; x_wconf 83' lang='lat' dir='ltr'>manu</span> <span class='ocrx_word' id='word_1_66' title='bbox 1508 1852 1604 1936; x_wconf 82' lang='lat' dir='ltr'>regis.</span> 
     </span>
    </p>
   </div>
   <div class='ocr_carea' id='block_1_5' title="bbox 470 1985 1966 2158">
    <p class='ocr_par' dir='ltr' id='par_1_5' title="bbox 470 1985 1966 2158">
     <span class='ocr_line' id='line_1_7' title="bbox 514 1985 1966 2072; baseline 0.006 -25"><span class='ocrx_word' id='word_1_67' title='bbox 514 1985 686 2066; x_wconf 81' lang='lat' dir='ltr'>Henricus,</span> <span class='ocrx_word' id='word_1_68' title='bbox 704 1988 854 2053; x_wconf 88' lang='lat' dir='ltr'>dominus</span> <span class='ocrx_word' id='word_1_69' title='bbox 869 1986 957 2072; x_wconf 83' lang='lat' dir='ltr'>Grsy</span> <span class='ocrx_word' id='word_1_70' title='bbox 972 1990 1013 2052; x_wconf 89' lang='lat' dir='ltr'>de</span> <span class='ocrx_word' id='word_1_71' title='bbox 1030 1988 1203 2067; x_wconf 85' lang='lat' dir='ltr'>Oodenore,</span> <span class='ocrx_word' id='word_1_72' title='bbox 1220 1990 1284 2053; x_wconf 84' lang='lat' dir='ltr'>fuit</span> <span class='ocrx_word' id='word_1_73' title='bbox 1311 1992 1442 2054; x_wconf 86' lang='lat' dir='ltr'>seisitus</span> <span class='ocrx_word' id='word_1_74' title='bbox 1468 1994 1531 2055; x_wconf 82' lang='lat' dir='ltr'>etc.</span> <span class='ocrx_word' id='word_1_75' title='bbox 1547 1989 1588 2052; x_wconf 89' lang='lat' dir='ltr'>de</span> <span class='ocrx_word' id='word_1_76' title='bbox 1612 1990 1757 2053; x_wconf 86' lang='lat' dir='ltr'>manerio</span> <span class='ocrx_word' id='word_1_77' title='bbox 1783 1990 1823 2053; x_wconf 93' lang='lat' dir='ltr'>de</span> <span class='ocrx_word' id='word_1_78' title='bbox 1850 1991 1966 2069; x_wconf 74' lang='lat' dir='ltr'>Sexus,</span> 
     </span>
     <span class='ocr_line' id='line_1_8' title="bbox 470 2076 1076 2158; baseline 0.012 -24"><span class='ocrx_word' id='word_1_79' title='bbox 470 2076 506 2135; x_wconf 90' lang='lat' dir='ltr'>et</span> <span class='ocrx_word' id='word_1_80' title='bbox 520 2078 650 2137; x_wconf 87' lang='lat' dir='ltr'>tenetur</span> <span class='ocrx_word' id='word_1_81' title='bbox 664 2094 722 2158; x_wconf 91' lang='lat' dir='ltr'>per</span> <span class='ocrx_word' id='word_1_82' title='bbox 736 2076 907 2139; x_wconf 88' lang='lat' dir='ltr'>servicium</span> <span class='ocrx_word' id='word_1_83' title='bbox 922 2076 946 2140; x_wconf 81' lang='lat' dir='ltr'>f.</span> <span class='ocrx_word' id='word_1_84' title='bbox 962 2097 1017 2141; x_wconf 91' lang='lat' dir='ltr'>un.</span> <span class='ocrx_word' id='word_1_85' title='bbox 1033 2097 1076 2141; x_wconf 90' lang='lat' dir='ltr'>m.</span> 
     </span>
    </p>
   </div>
   <div class='ocr_carea' id='block_1_6' title="bbox 470 2210 1967 2385">
    <p class='ocr_par' dir='ltr' id='par_1_6' title="bbox 470 2210 1967 2385">
     <span class='ocr_line' id='line_1_9' title="bbox 514 2210 1967 2299; baseline 0.005 -27"><span class='ocrx_word' id='word_1_86' title='bbox 514 2210 685 2296; x_wconf 83' lang='lat' dir='ltr'>Philippus</span> <span class='ocrx_word' id='word_1_87' title='bbox 711 2212 830 2275; x_wconf 83' lang='lat' dir='ltr'>Kedull</span> <span class='ocrx_word' id='word_1_88' title='bbox 854 2214 894 2276; x_wconf 91' lang='lat' dir='ltr'>de</span> <span class='ocrx_word' id='word_1_89' title='bbox 920 2212 1075 2298; x_wconf 81' lang='lat' dir='ltr'>Beverlay</span> <span class='ocrx_word' id='word_1_90' title='bbox 1089 2216 1123 2277; x_wconf 88' lang='lat' dir='ltr'>in</span> <span class='ocrx_word' id='word_1_91' title='bbox 1139 2216 1300 2278; x_wconf 85' lang='lat' dir='ltr'>comitatu</span> <span class='ocrx_word' id='word_1_92' title='bbox 1316 2216 1461 2294; x_wconf 82' lang='lat' dir='ltr'>Eboraci,</span> <span class='ocrx_word' id='word_1_93' title='bbox 1479 2236 1606 2299; x_wconf 86' lang='lat' dir='ltr'>squyer,</span> <span class='ocrx_word' id='word_1_94' title='bbox 1622 2216 1688 2278; x_wconf 83' lang='lat' dir='ltr'>fuit</span> <span class='ocrx_word' id='word_1_95' title='bbox 1703 2216 1834 2279; x_wconf 83' lang='lat' dir='ltr'>seieitus</span> <span class='ocrx_word' id='word_1_96' title='bbox 1849 2223 1912 2282; x_wconf 88' lang='lat' dir='ltr'>etc.</span> <span class='ocrx_word' id='word_1_97' title='bbox 1928 2218 1967 2279; x_wconf 92' lang='lat' dir='ltr'>de</span> 
     </span>
     <span class='ocr_line' id='line_1_10' title="bbox 470 2299 1709 2385; baseline 0.005 -25"><span class='ocrx_word' id='word_1_98' title='bbox 470 2301 614 2363; x_wconf 81' lang='lat' dir='ltr'>manerio</span> <span class='ocrx_word' id='word_1_99' title='bbox 629 2299 669 2363; x_wconf 92' lang='lat' dir='ltr'>de</span> <span class='ocrx_word' id='word_1_100' title='bbox 684 2300 828 2379; x_wconf 79' lang='lat' dir='ltr'>anrsr,</span> <span class='ocrx_word' id='word_1_101' title='bbox 845 2306 879 2363; x_wconf 94' lang='lat' dir='ltr'>et</span> <span class='ocrx_word' id='word_1_102' title='bbox 894 2304 1025 2364; x_wconf 88' lang='lat' dir='ltr'>tenetur</span> <span class='ocrx_word' id='word_1_103' title='bbox 1038 2323 1095 2385; x_wconf 92' lang='lat' dir='ltr'>per</span> <span class='ocrx_word' id='word_1_104' title='bbox 1110 2303 1283 2366; x_wconf 82' lang='lat' dir='ltr'>servicium</span> <span class='ocrx_word' id='word_1_105' title='bbox 1300 2303 1424 2366; x_wconf 86' lang='lat' dir='ltr'>decime</span> <span class='ocrx_word' id='word_1_106' title='bbox 1438 2305 1539 2385; x_wconf 83' lang='lat' dir='ltr'>partis</span> <span class='ocrx_word' id='word_1_107' title='bbox 1553 2304 1576 2367; x_wconf 82' lang='lat' dir='ltr'>f.</span> <span class='ocrx_word' id='word_1_108' title='bbox 1594 2323 1648 2367; x_wconf 91' lang='lat' dir='ltr'>un.</span> <span class='ocrx_word' id='word_1_109' title='bbox 1666 2324 1709 2366; x_wconf 90' lang='lat' dir='ltr'>m.</span> 
     </span>
    </p>
   </div>
   <div class='ocr_carea' id='block_1_7' title="bbox 467 2434 1971 2674">
    <p class='ocr_par' dir='ltr' id='par_1_7' title="bbox 467 2434 1971 2674">
     <span class='ocr_line' id='line_1_11' title="bbox 514 2434 1966 2522; baseline 0.005 -24"><span class='ocrx_word' id='word_1_110' title='bbox 514 2434 678 2500; x_wconf 80' lang='lat' dir='ltr'>Johsnnes</span> <span class='ocrx_word' id='word_1_111' title='bbox 704 2436 808 2500; x_wconf 87' lang='lat' dir='ltr'>Beron</span> <span class='ocrx_word' id='word_1_112' title='bbox 832 2438 873 2500; x_wconf 92' lang='lat' dir='ltr'>de</span> <span class='ocrx_word' id='word_1_113' title='bbox 898 2436 1033 2522; x_wconf 84' lang='lat' dir='ltr'>Oisyton</span> <span class='ocrx_word' id='word_1_114' title='bbox 1056 2440 1090 2501; x_wconf 92' lang='lat' dir='ltr'>in</span> <span class='ocrx_word' id='word_1_115' title='bbox 1118 2442 1278 2503; x_wconf 81' lang='lat' dir='ltr'>comitatu</span> <span class='ocrx_word' id='word_1_116' title='bbox 1293 2442 1490 2519; x_wconf 77' lang='lat' dir='ltr'>Lancsstrie,</span> <span class='ocrx_word' id='word_1_117' title='bbox 1504 2440 1610 2514; x_wconf 89' lang='lat' dir='ltr'>miles,</span> <span class='ocrx_word' id='word_1_118' title='bbox 1627 2440 1691 2503; x_wconf 88' lang='lat' dir='ltr'>fuit</span> <span class='ocrx_word' id='word_1_119' title='bbox 1706 2442 1835 2505; x_wconf 88' lang='lat' dir='ltr'>seisitus</span> <span class='ocrx_word' id='word_1_120' title='bbox 1848 2448 1909 2507; x_wconf 91' lang='lat' dir='ltr'>etc.</span> <span class='ocrx_word' id='word_1_121' title='bbox 1925 2442 1966 2505; x_wconf 88' lang='lat' dir='ltr'>de</span> 
     </span>
     <span class='ocr_line' id='line_1_12' title="bbox 467 2522 1971 2674; baseline 0.004 -89"><span class='ocrx_word' id='word_1_122' title='bbox 467 2525 615 2674; x_wconf 53' lang='lat' dir='ltr'>inirlderid</span> <span class='ocrx_word' id='word_1_123' title='bbox 644 2524 685 2587; x_wconf 92' lang='lat' dir='ltr'>de</span> <span class='ocrx_word' id='word_1_124' title='bbox 715 2526 847 2591; x_wconf 68' lang='lat' dir='ltr'>Genusr</span> <span class='ocrx_word' id='word_1_125' title='bbox 878 2522 942 2611; x_wconf 80' lang='lat' dir='ltr'>[et]</span> <span class='ocrx_word' id='word_1_126' title='bbox 975 2525 1092 2592; x_wconf 81' lang='lat' dir='ltr'>Nonrn</span> <span class='ocrx_word' id='word_1_127' title='bbox 1119 2528 1260 2606; x_wconf 74' lang='lat' dir='ltr'>Knnssv,</span> <span class='ocrx_word' id='word_1_128' title='bbox 1288 2534 1322 2590; x_wconf 90' lang='lat' dir='ltr'>et</span> <span class='ocrx_word' id='word_1_129' title='bbox 1344 2533 1474 2591; x_wconf 82' lang='lat' dir='ltr'>tenetur</span> <span class='ocrx_word' id='word_1_130' title='bbox 1497 2548 1556 2611; x_wconf 87' lang='lat' dir='ltr'>per</span> <span class='ocrx_word' id='word_1_131' title='bbox 1584 2529 1755 2591; x_wconf 88' lang='lat' dir='ltr'>servicium</span> <span class='ocrx_word' id='word_1_132' title='bbox 1782 2530 1971 2593; x_wconf 78' lang='lat' dir='ltr'>medietatis</span> 
     </span>
    </p>
   </div>
   <div class='ocr_carea' id='block_1_8' title="bbox 469 2747 1970 3272">
    <p class='ocr_par' dir='ltr' id='par_1_8' title="bbox 469 2747 1970 3272">
     <span class='ocr_line' id='line_1_13' title="bbox 516 2747 1970 2835; baseline 0.007 -27"><span class='ocrx_word' id='word_1_133' title='bbox 516 2747 560 2809; x_wconf 87' lang='lat' dir='ltr'>Et</span> <span class='ocrx_word' id='word_1_134' title='bbox 586 2748 724 2811; x_wconf 86' lang='lat' dir='ltr'>ulterius</span> <span class='ocrx_word' id='word_1_135' title='bbox 749 2749 912 2834; x_wconf 81' lang='lat' dir='ltr'>juratores</span> <span class='ocrx_word' id='word_1_136' title='bbox 936 2751 1072 2833; x_wconf 86' lang='lat' dir='ltr'>predicti</span> <span class='ocrx_word' id='word_1_137' title='bbox 1097 2751 1212 2814; x_wconf 89' lang='lat' dir='ltr'>dicunt</span> <span class='ocrx_word' id='word_1_138' title='bbox 1238 2753 1322 2835; x_wconf 91' lang='lat' dir='ltr'>quod</span> <span class='ocrx_word' id='word_1_139' title='bbox 1348 2754 1457 2815; x_wconf 85' lang='lat' dir='ltr'>omniu</span> <span class='ocrx_word' id='word_1_140' title='bbox 1479 2754 1621 2816; x_wconf 85' lang='lat' dir='ltr'>maneria</span> <span class='ocrx_word' id='word_1_141' title='bbox 1636 2758 1719 2816; x_wconf 89' lang='lat' dir='ltr'>terre</span> <span class='ocrx_word' id='word_1_142' title='bbox 1734 2759 1768 2816; x_wconf 90' lang='lat' dir='ltr'>et</span> <span class='ocrx_word' id='word_1_143' title='bbox 1782 2759 1970 2819; x_wconf 79' lang='lat' dir='ltr'>tenemento</span> 
     </span>
     <span class='ocr_line' id='line_1_14' title="bbox 471 2836 1969 2925; baseline 0.007 -29"><span class='ocrx_word' id='word_1_144' title='bbox 471 2836 560 2897; x_wconf 91' lang='lat' dir='ltr'>unde</span> <span class='ocrx_word' id='word_1_145' title='bbox 587 2837 735 2919; x_wconf 89' lang='lat' dir='ltr'>superius</span> <span class='ocrx_word' id='word_1_146' title='bbox 760 2856 825 2899; x_wconf 92' lang='lat' dir='ltr'>non</span> <span class='ocrx_word' id='word_1_147' title='bbox 852 2837 890 2903; x_wconf 89' lang='lat' dir='ltr'>fit</span> <span class='ocrx_word' id='word_1_148' title='bbox 912 2839 1051 2915; x_wconf 85' lang='lat' dir='ltr'>mencio,</span> <span class='ocrx_word' id='word_1_149' title='bbox 1078 2840 1116 2901; x_wconf 88' lang='lat' dir='ltr'>de</span> <span class='ocrx_word' id='word_1_150' title='bbox 1140 2860 1203 2923; x_wconf 91' lang='lat' dir='ltr'>quo</span> <span class='ocrx_word' id='word_1_151' title='bbox 1227 2840 1278 2902; x_wconf 89' lang='lat' dir='ltr'>vel</span> <span class='ocrx_word' id='word_1_152' title='bbox 1307 2840 1424 2921; x_wconf 89' lang='lat' dir='ltr'>quibus</span> <span class='ocrx_word' id='word_1_153' title='bbox 1451 2845 1616 2917; x_wconf 88' lang='lat' dir='ltr'>tenentur,</span> <span class='ocrx_word' id='word_1_154' title='bbox 1641 2860 1705 2902; x_wconf 90' lang='lat' dir='ltr'>non</span> <span class='ocrx_word' id='word_1_155' title='bbox 1735 2846 1887 2905; x_wconf 81' lang='lat' dir='ltr'>tenentur</span> <span class='ocrx_word' id='word_1_156' title='bbox 1912 2864 1969 2925; x_wconf 90' lang='lat' dir='ltr'>per</span> 
     </span>
     <span class='ocr_line' id='line_1_15' title="bbox 471 2924 1968 3013; baseline 0.006 -29"><span class='ocrx_word' id='word_1_157' title='bbox 471 2924 641 2985; x_wconf 88' lang='lat' dir='ltr'>servicium</span> <span class='ocrx_word' id='word_1_158' title='bbox 668 2924 811 2987; x_wconf 86' lang='lat' dir='ltr'>militare</span> <span class='ocrx_word' id='word_1_159' title='bbox 838 2945 896 3007; x_wconf 85' lang='lat' dir='ltr'>per</span> <span class='ocrx_word' id='word_1_160' title='bbox 922 2925 1007 3009; x_wconf 92' lang='lat' dir='ltr'>quod</span> <span class='ocrx_word' id='word_1_161' title='bbox 1034 2927 1164 2987; x_wconf 92' lang='lat' dir='ltr'>domino</span> <span class='ocrx_word' id='word_1_162' title='bbox 1188 2929 1256 3011; x_wconf 87' lang='lat' dir='ltr'>regi</span> <span class='ocrx_word' id='word_1_163' title='bbox 1280 2928 1366 2990; x_wconf 80' lang='lat' dir='ltr'>inter</span> <span class='ocrx_word' id='word_1_164' title='bbox 1388 2929 1474 2990; x_wconf 90' lang='lat' dir='ltr'>inter</span> <span class='ocrx_word' id='word_1_165' title='bbox 1499 2927 1593 2989; x_wconf 73' lang='lat' dir='ltr'>feoda</span> <span class='ocrx_word' id='word_1_166' title='bbox 1618 2927 1762 2991; x_wconf 90' lang='lat' dir='ltr'>militum</span> <span class='ocrx_word' id='word_1_167' title='bbox 1777 2930 1968 3013; x_wconf 88' lang='lat' dir='ltr'>respondere</span> 
     </span>
     <span class='ocr_line' id='line_1_16' title="bbox 471 3004 1967 3101; baseline 0.005 -29"><span class='ocrx_word' id='word_1_168' title='bbox 471 3010 598 3074; x_wconf 88' lang='lat' dir='ltr'>debent.</span> <span class='ocrx_word' id='word_1_169' title='bbox 645 3004 689 3071; x_wconf 87' lang='lat' dir='ltr'>Et</span> <span class='ocrx_word' id='word_1_170' title='bbox 704 3013 806 3073; x_wconf 80' lang='lat' dir='ltr'>eciam</span> <span class='ocrx_word' id='word_1_171' title='bbox 822 3012 938 3074; x_wconf 90' lang='lat' dir='ltr'>dicunt</span> <span class='ocrx_word' id='word_1_172' title='bbox 953 3013 1038 3095; x_wconf 92' lang='lat' dir='ltr'>quod</span> <span class='ocrx_word' id='word_1_173' title='bbox 1053 3034 1117 3075; x_wconf 92' lang='lat' dir='ltr'>non</span> <span class='ocrx_word' id='word_1_174' title='bbox 1134 3018 1211 3076; x_wconf 89' lang='lat' dir='ltr'>sunt</span> <span class='ocrx_word' id='word_1_175' title='bbox 1226 3014 1321 3097; x_wconf 81' lang='lat' dir='ltr'>plura</span> <span class='ocrx_word' id='word_1_176' title='bbox 1336 3015 1479 3077; x_wconf 80' lang='lat' dir='ltr'>maneria</span> <span class='ocrx_word' id='word_1_177' title='bbox 1496 3020 1579 3077; x_wconf 87' lang='lat' dir='ltr'>terre</span> <span class='ocrx_word' id='word_1_178' title='bbox 1595 3035 1652 3078; x_wconf 89' lang='lat' dir='ltr'>sen</span> <span class='ocrx_word' id='word_1_179' title='bbox 1679 3022 1877 3095; x_wconf 85' lang='lat' dir='ltr'>tenementa,</span> <span class='ocrx_word' id='word_1_180' title='bbox 1903 3039 1967 3101; x_wconf 91' lang='lat' dir='ltr'>que</span> 
     </span>
     <span class='ocr_line' id='line_1_17' title="bbox 470 3099 1967 3186; baseline 0.005 -26"><span class='ocrx_word' id='word_1_181' title='bbox 470 3102 625 3160; x_wconf 90' lang='lat' dir='ltr'>tenentur</span> <span class='ocrx_word' id='word_1_182' title='bbox 648 3118 704 3180; x_wconf 90' lang='lat' dir='ltr'>per</span> <span class='ocrx_word' id='word_1_183' title='bbox 727 3099 899 3161; x_wconf 87' lang='lat' dir='ltr'>servicium</span> <span class='ocrx_word' id='word_1_184' title='bbox 925 3100 1069 3162; x_wconf 80' lang='lat' dir='ltr'>militare</span> <span class='ocrx_word' id='word_1_185' title='bbox 1086 3102 1135 3163; x_wconf 90' lang='lat' dir='ltr'>vel</span> <span class='ocrx_word' id='word_1_186' title='bbox 1158 3102 1222 3171; x_wconf 85' lang='lat' dir='ltr'>alio</span> <span class='ocrx_word' id='word_1_187' title='bbox 1248 3102 1344 3181; x_wconf 77' lang='lat' dir='ltr'>modo</span> <span class='ocrx_word' id='word_1_188' title='bbox 1367 3122 1571 3186; x_wconf 89' lang='lat' dir='ltr'>quocumque</span> <span class='ocrx_word' id='word_1_189' title='bbox 1586 3102 1671 3165; x_wconf 82' lang='lat' dir='ltr'>infru</span> <span class='ocrx_word' id='word_1_190' title='bbox 1685 3104 1967 3186; x_wconf 81' lang='lat' dir='ltr'>vappentschium</span> 
     </span>
     <span class='ocr_line' id='line_1_18' title="bbox 469 3186 1621 3272; baseline 0.005 -25"><span class='ocrx_word' id='word_1_191' title='bbox 469 3186 664 3267; x_wconf 87' lang='lat' dir='ltr'>predictum,</span> <span class='ocrx_word' id='word_1_192' title='bbox 678 3205 741 3268; x_wconf 90' lang='lat' dir='ltr'>qne</span> <span class='ocrx_word' id='word_1_193' title='bbox 755 3186 879 3249; x_wconf 87' lang='lat' dir='ltr'>eisdem</span> <span class='ocrx_word' id='word_1_194' title='bbox 889 3186 1089 3269; x_wconf 82' lang='lat' dir='ltr'>juratoribus</span> <span class='ocrx_word' id='word_1_195' title='bbox 1105 3187 1145 3250; x_wconf 84' lang='lat' dir='ltr'>ad</span> <span class='ocrx_word' id='word_1_196' title='bbox 1160 3210 1293 3271; x_wconf 85' lang='lat' dir='ltr'>presens</span> <span class='ocrx_word' id='word_1_197' title='bbox 1307 3196 1454 3252; x_wconf 84' lang='lat' dir='ltr'>constare</span> <span class='ocrx_word' id='word_1_198' title='bbox 1468 3192 1621 3272; x_wconf 88' lang='lat' dir='ltr'>potuerit.</span> 
     </span>
    </p>
   </div>
   <div class='ocr_carea' id='block_1_9' title="bbox 514 3321 803 3405">
    <p class='ocr_par' dir='ltr' id='par_1_9' title="bbox 514 3321 803 3405">
     <span class='ocr_line' id='line_1_19' title="bbox 514 3321 803 3405; baseline 0.01 -22"><span class='ocrx_word' id='word_1_199' title='bbox 514 3322 555 3384; x_wconf 95' lang='lat' dir='ltr'>In</span> <span class='ocrx_word' id='word_1_200' title='bbox 570 3321 665 3405; x_wconf 87' lang='lat' dir='ltr'>cnjus</span> <span class='ocrx_word' id='word_1_201' title='bbox 679 3323 726 3385; x_wconf 92' lang='lat' dir='ltr'>rei</span> <span class='ocrx_word' id='word_1_202' title='bbox 741 3327 803 3387; x_wconf 86' lang='lat' dir='ltr'>eto.</span> 
     </span>
    </p>
   </div>
   <div class='ocr_carea' id='block_1_10' title="bbox 542 3603 1904 3759">
    <p class='ocr_par' dir='ltr' id='par_1_10' title="bbox 542 3603 1904 3759">
     <span class='ocr_line' id='line_1_20' title="bbox 542 3603 1904 3674; baseline -0.001 -1"><span class='ocrx_word' id='word_1_203' title='bbox 542 3606 806 3674; x_wconf 73' lang='lat' dir='ltr'>Wsrrnurscuu</span> <span class='ocrx_word' id='word_1_204' title='bbox 828 3625 871 3669; x_wconf 86' lang='lat' dir='ltr'>nn</span> <span class='ocrx_word' id='word_1_205' title='bbox 895 3604 1267 3671; x_wconf 83' lang='lat' dir='ltr'>CANDELESHOWE</span> <span class='ocrx_word' id='word_1_206' title='bbox 1293 3625 1333 3667; x_wconf 82' lang='lat' dir='ltr'>nr</span> <span class='ocrx_word' id='word_1_207' title='bbox 1355 3603 1632 3671; x_wconf 81' lang='lat' dir='ltr'><strong>CALOEWATH</strong></span> <span class='ocrx_word' id='word_1_208' title='bbox 1655 3626 1722 3670; x_wconf 82' lang='lat' dir='ltr'>cun</span> <span class='ocrx_word' id='word_1_209' title='bbox 1744 3627 1839 3672; x_wconf 82' lang='lat' dir='ltr'>soccs</span> <span class='ocrx_word' id='word_1_210' title='bbox 1860 3627 1904 3672; x_wconf 85' lang='lat' dir='ltr'>ns</span> 
     </span>
     <span class='ocr_line' id='line_1_21' title="bbox 1070 3691 1382 3759; baseline 0 -3"><span class='ocrx_word' id='word_1_211' title='bbox 1070 3691 1382 3759; x_wconf 85' lang='lat' dir='ltr'>BOLYNGBROK.</span> 
     </span>
    </p>
   </div>
   <div class='ocr_carea' id='block_1_11' title="bbox 470 3853 1970 4638">
    <p class='ocr_par' dir='ltr' id='par_1_11' title="bbox 470 3853 1970 4638">
     <span class='ocr_line' id='line_1_22' title="bbox 516 3853 1970 3940; baseline 0.001 -22"><span class='ocrx_word' id='word_1_212' title='bbox 516 3855 695 3940; x_wconf 88' lang='lat' dir='ltr'>Inquisicio</span> <span class='ocrx_word' id='word_1_213' title='bbox 727 3861 822 3938; x_wconf 82' lang='lat' dir='ltr'>copta</span> <span class='ocrx_word' id='word_1_214' title='bbox 859 3854 946 3936; x_wconf 80' lang='lat' dir='ltr'>opud</span> <span class='ocrx_word' id='word_1_215' title='bbox 977 3853 1172 3917; x_wconf 85' lang='lat' dir='ltr'>Horncastrc</span> <span class='ocrx_word' id='word_1_216' title='bbox 1201 3853 1253 3916; x_wconf 90' lang='lat' dir='ltr'>die</span> <span class='ocrx_word' id='word_1_217' title='bbox 1283 3853 1400 3917; x_wconf 87' lang='lat' dir='ltr'>Martis</span> <span class='ocrx_word' id='word_1_218' title='bbox 1429 3856 1573 3937; x_wconf 88' lang='lat' dir='ltr'>proximo</span> <span class='ocrx_word' id='word_1_219' title='bbox 1601 3858 1677 3917; x_wconf 84' lang='lat' dir='ltr'>unte</span> <span class='ocrx_word' id='word_1_220' title='bbox 1706 3855 1828 3918; x_wconf 86' lang='lat' dir='ltr'>festum</span> <span class='ocrx_word' id='word_1_221' title='bbox 1858 3855 1970 3920; x_wconf 81' lang='lat' dir='ltr'>Sancti</span> 
     </span>
     <span class='ocr_line' id='line_1_23' title="bbox 470 3941 1967 4026; baseline 0.001 -21"><span class='ocrx_word' id='word_1_222' title='bbox 470 3945 594 4007; x_wconf 82' lang='lat' dir='ltr'>Thome</span> <span class='ocrx_word' id='word_1_223' title='bbox 620 3944 766 4026; x_wconf 81' lang='lat' dir='ltr'>Apostoli</span> <span class='ocrx_word' id='word_1_224' title='bbox 794 3961 878 4004; x_wconf 85' lang='lat' dir='ltr'>anno</span> <span class='ocrx_word' id='word_1_225' title='bbox 905 3943 1000 4026; x_wconf 85' lang='lat' dir='ltr'>regni</span> <span class='ocrx_word' id='word_1_226' title='bbox 1024 3942 1110 4026; x_wconf 87' lang='lat' dir='ltr'>regis</span> <span class='ocrx_word' id='word_1_227' title='bbox 1135 3941 1271 4004; x_wconf 89' lang='lat' dir='ltr'>Henrici</span> <span class='ocrx_word' id='word_1_228' title='bbox 1297 3942 1380 4004; x_wconf 82' lang='lat' dir='ltr'>sexti</span> <span class='ocrx_word' id='word_1_229' title='bbox 1405 3942 1522 4025; x_wconf 84' lang='lat' dir='ltr'>Anglie</span> <span class='ocrx_word' id='word_1_230' title='bbox 1547 3943 1683 4019; x_wconf 90' lang='lat' dir='ltr'>decimo,</span> <span class='ocrx_word' id='word_1_231' title='bbox 1697 3963 1803 4004; x_wconf 82' lang='lat' dir='ltr'>corum</span> <span class='ocrx_word' id='word_1_232' title='bbox 1829 3942 1967 4008; x_wconf 81' lang='lat' dir='ltr'>Ricardo</span> 
     </span>
     <span class='ocr_line' id='line_1_24' title="bbox 471 4027 1970 4115; baseline 0 -21"><span class='ocrx_word' id='word_1_233' title='bbox 471 4030 593 4115; x_wconf 82' lang='lat' dir='ltr'>Huugh</span> <span class='ocrx_word' id='word_1_234' title='bbox 626 4035 694 4110; x_wconf 84' lang='lat' dir='ltr'>(etc.</span> <span class='ocrx_word' id='word_1_235' title='bbox 722 4052 757 4094; x_wconf 81' lang='lat' dir='ltr'>as</span> <span class='ocrx_word' id='word_1_236' title='bbox 783 4030 908 4108; x_wconf 68' lang='lat' dir='ltr'>briorc),</span> <span class='ocrx_word' id='word_1_237' title='bbox 936 4049 993 4110; x_wconf 88' lang='lat' dir='ltr'>per</span> <span class='ocrx_word' id='word_1_238' title='bbox 1016 4035 1254 4093; x_wconf 85' lang='lat' dir='ltr'>sacramentum</span> <span class='ocrx_word' id='word_1_239' title='bbox 1279 4027 1401 4092; x_wconf 86' lang='lat' dir='ltr'>Thome</span> <span class='ocrx_word' id='word_1_240' title='bbox 1426 4028 1540 4113; x_wconf 85' lang='lat' dir='ltr'>Rygge</span> <span class='ocrx_word' id='word_1_241' title='bbox 1565 4028 1604 4090; x_wconf 92' lang='lat' dir='ltr'>de</span> <span class='ocrx_word' id='word_1_242' title='bbox 1630 4028 1789 4113; x_wconf 84' lang='lat' dir='ltr'>Botheby,</span> <span class='ocrx_word' id='word_1_243' title='bbox 1811 4029 1970 4094; x_wconf 85' lang='lat' dir='ltr'>Johanuis</span> 
     </span>
     <span class='ocr_line' id='line_1_25' title="bbox 472 4113 1967 4201; baseline 0 -20"><span class='ocrx_word' id='word_1_244' title='bbox 472 4117 635 4201; x_wconf 84' lang='lat' dir='ltr'>Strunnge</span> <span class='ocrx_word' id='word_1_245' title='bbox 650 4119 690 4180; x_wconf 90' lang='lat' dir='ltr'>de</span> <span class='ocrx_word' id='word_1_246' title='bbox 707 4113 904 4198; x_wconf 85' lang='lat' dir='ltr'>Fryskcnuy,</span> <span class='ocrx_word' id='word_1_247' title='bbox 921 4114 1078 4179; x_wconf 84' lang='lat' dir='ltr'>Johannis</span> <span class='ocrx_word' id='word_1_248' title='bbox 1104 4116 1223 4198; x_wconf 86' lang='lat' dir='ltr'>Gunby</span> <span class='ocrx_word' id='word_1_249' title='bbox 1239 4116 1280 4179; x_wconf 94' lang='lat' dir='ltr'>de</span> <span class='ocrx_word' id='word_1_250' title='bbox 1302 4115 1434 4198; x_wconf 78' lang='lat' dir='ltr'>Gunby,</span> <span class='ocrx_word' id='word_1_251' title='bbox 1450 4115 1606 4179; x_wconf 89' lang='lat' dir='ltr'>Willelmi</span> <span class='ocrx_word' id='word_1_252' title='bbox 1632 4115 1782 4179; x_wconf 84' lang='lat' dir='ltr'>&#39;l&#39;etforth</span> <span class='ocrx_word' id='word_1_253' title='bbox 1806 4120 1847 4181; x_wconf 92' lang='lat' dir='ltr'>de</span> <span class='ocrx_word' id='word_1_254' title='bbox 1873 4118 1967 4198; x_wconf 91' lang='lat' dir='ltr'>Kele,</span> 
     </span>
     <span class='ocr_line' id='line_1_26' title="bbox 471 4201 1967 4290; baseline 0.001 -23"><span class='ocrx_word' id='word_1_255' title='bbox 471 4206 606 4270; x_wconf 88' lang='lat' dir='ltr'>Roberti</span> <span class='ocrx_word' id='word_1_256' title='bbox 632 4201 780 4266; x_wconf 84' lang='lat' dir='ltr'>Tetiorth</span> <span class='ocrx_word' id='word_1_257' title='bbox 807 4203 847 4265; x_wconf 90' lang='lat' dir='ltr'>de</span> <span class='ocrx_word' id='word_1_258' title='bbox 873 4203 995 4279; x_wconf 84' lang='lat' dir='ltr'>eadem,</span> <span class='ocrx_word' id='word_1_259' title='bbox 1019 4202 1179 4266; x_wconf 81' lang='lat' dir='ltr'>Johunnis</span> <span class='ocrx_word' id='word_1_260' title='bbox 1205 4204 1372 4285; x_wconf 84' lang='lat' dir='ltr'>Lyndesey</span> <span class='ocrx_word' id='word_1_261' title='bbox 1387 4204 1428 4266; x_wconf 93' lang='lat' dir='ltr'>de</span> <span class='ocrx_word' id='word_1_262' title='bbox 1456 4202 1578 4285; x_wconf 83' lang='lat' dir='ltr'>Svaby‚</span> <span class='ocrx_word' id='word_1_263' title='bbox 1593 4203 1722 4266; x_wconf 81' lang='lat' dir='ltr'>Ricardi</span> <span class='ocrx_word' id='word_1_264' title='bbox 1739 4204 1912 4290; x_wconf 83' lang='lat' dir='ltr'>Quedryng</span> <span class='ocrx_word' id='word_1_265' title='bbox 1927 4208 1967 4269; x_wconf 92' lang='lat' dir='ltr'>de</span> 
     </span>
     <span class='ocr_line' id='line_1_27' title="bbox 472 4289 1966 4376; baseline 0 -20"><span class='ocrx_word' id='word_1_266' title='bbox 472 4293 649 4376; x_wconf 81' lang='lat' dir='ltr'>Stykenay,</span> <span class='ocrx_word' id='word_1_267' title='bbox 666 4291 823 4353; x_wconf 90' lang='lat' dir='ltr'>Willelmi</span> <span class='ocrx_word' id='word_1_268' title='bbox 841 4289 984 4353; x_wconf 81' lang='lat' dir='ltr'>Cracroft</span> <span class='ocrx_word' id='word_1_269' title='bbox 998 4290 1038 4352; x_wconf 92' lang='lat' dir='ltr'>dc</span> <span class='ocrx_word' id='word_1_270' title='bbox 1053 4289 1293 4374; x_wconf 86' lang='lat' dir='ltr'>Hoggesthorp‚</span> <span class='ocrx_word' id='word_1_271' title='bbox 1308 4290 1437 4352; x_wconf 83' lang='lat' dir='ltr'>Ricerdi</span> <span class='ocrx_word' id='word_1_272' title='bbox 1454 4290 1572 4353; x_wconf 87' lang='lat' dir='ltr'>Warde</span> <span class='ocrx_word' id='word_1_273' title='bbox 1598 4291 1639 4353; x_wconf 92' lang='lat' dir='ltr'>de</span> <span class='ocrx_word' id='word_1_274' title='bbox 1664 4292 1792 4369; x_wconf 76' lang='lat' dir='ltr'>Hotoit,</span> <span class='ocrx_word' id='word_1_275' title='bbox 1807 4293 1966 4356; x_wconf 88' lang='lat' dir='ltr'>Willelmi</span> 
     </span>
     <span class='ocr_line' id='line_1_28' title="bbox 471 4375 1968 4464; baseline 0 -21"><span class='ocrx_word' id='word_1_276' title='bbox 471 4378 626 4464; x_wconf 83' lang='lat' dir='ltr'>Habergh</span> <span class='ocrx_word' id='word_1_277' title='bbox 650 4379 692 4441; x_wconf 89' lang='lat' dir='ltr'>de</span> <span class='ocrx_word' id='word_1_278' title='bbox 717 4377 848 4456; x_wconf 88' lang='lat' dir='ltr'>Sutton,</span> <span class='ocrx_word' id='word_1_279' title='bbox 875 4375 1033 4440; x_wconf 80' lang='lat' dir='ltr'>Johennis</span> <span class='ocrx_word' id='word_1_280' title='bbox 1058 4376 1142 4440; x_wconf 89' lang='lat' dir='ltr'>Gote</span> <span class='ocrx_word' id='word_1_281' title='bbox 1166 4377 1205 4441; x_wconf 92' lang='lat' dir='ltr'>de</span> <span class='ocrx_word' id='word_1_282' title='bbox 1230 4378 1359 4456; x_wconf 76' lang='lat' dir='ltr'>Hotost,</span> <span class='ocrx_word' id='word_1_283' title='bbox 1386 4376 1520 4441; x_wconf 83' lang='lat' dir='ltr'>Roberti</span> <span class='ocrx_word' id='word_1_284' title='bbox 1535 4377 1710 4441; x_wconf 83' lang='lat' dir='ltr'>Westende</span> <span class='ocrx_word' id='word_1_285' title='bbox 1735 4379 1776 4441; x_wconf 93' lang='lat' dir='ltr'>de</span> <span class='ocrx_word' id='word_1_286' title='bbox 1802 4379 1968 4464; x_wconf 85' lang='lat' dir='ltr'>Slotheby,</span> 
     </span>
     <span class='ocr_line' id='line_1_29' title="bbox 470 4462 1966 4548; baseline 0.001 -18"><span class='ocrx_word' id='word_1_287' title='bbox 470 4468 594 4531; x_wconf 88' lang='lat' dir='ltr'>Thome</span> <span class='ocrx_word' id='word_1_288' title='bbox 611 4465 791 4528; x_wconf 86' lang='lat' dir='ltr'>Whetcroit</span> <span class='ocrx_word' id='word_1_289' title='bbox 805 4464 844 4528; x_wconf 91' lang='lat' dir='ltr'>de</span> <span class='ocrx_word' id='word_1_290' title='bbox 859 4463 983 4548; x_wconf 84' lang='lat' dir='ltr'>Burgh,</span> <span class='ocrx_word' id='word_1_291' title='bbox 999 4462 1122 4527; x_wconf 85' lang='lat' dir='ltr'>&#39;l&#39;home</span> <span class='ocrx_word' id='word_1_292' title='bbox 1137 4464 1284 4528; x_wconf 80' lang='lat' dir='ltr'>Allotson</span> <span class='ocrx_word' id='word_1_293' title='bbox 1307 4465 1347 4526; x_wconf 90' lang='lat' dir='ltr'>de</span> <span class='ocrx_word' id='word_1_294' title='bbox 1363 4464 1537 4548; x_wconf 84' lang='lat' dir='ltr'>Waynflet,</span> <span class='ocrx_word' id='word_1_295' title='bbox 1553 4471 1588 4528; x_wconf 85' lang='lat' dir='ltr'>et</span> <span class='ocrx_word' id='word_1_296' title='bbox 1612 4466 1765 4529; x_wconf 90' lang='lat' dir='ltr'>Willelmi</span> <span class='ocrx_word' id='word_1_297' title='bbox 1791 4466 1901 4530; x_wconf 83' lang='lat' dir='ltr'>Raveu</span> <span class='ocrx_word' id='word_1_298' title='bbox 1925 4469 1966 4532; x_wconf 92' lang='lat' dir='ltr'>de</span> 
     </span>
     <span class='ocr_line' id='line_1_30' title="bbox 470 4552 1502 4638; baseline 0.002 -23"><span class='ocrx_word' id='word_1_299' title='bbox 470 4553 665 4638; x_wconf 70' lang='lat' dir='ltr'>Wynthorp</span> <span class='ocrx_word' id='word_1_300' title='bbox 680 4554 737 4636; x_wconf 91' lang='lat' dir='ltr'>qui</span> <span class='ocrx_word' id='word_1_301' title='bbox 752 4572 847 4634; x_wconf 85' lang='lat' dir='ltr'>super</span> <span class='ocrx_word' id='word_1_302' title='bbox 861 4557 1097 4615; x_wconf 84' lang='lat' dir='ltr'>sacramentum</span> <span class='ocrx_word' id='word_1_303' title='bbox 1113 4573 1208 4614; x_wconf 86' lang='lat' dir='ltr'>suum</span> <span class='ocrx_word' id='word_1_304' title='bbox 1222 4552 1338 4615; x_wconf 89' lang='lat' dir='ltr'>dicunt</span> <span class='ocrx_word' id='word_1_305' title='bbox 1352 4557 1437 4634; x_wconf 91' lang='lat' dir='ltr'>quod</span> <span class='ocrx_word' id='word_1_306' title='bbox 1449 4575 1502 4617; x_wconf 91' lang='lat'>:-</span> 
     </span>
    </p>
   </div>
   <div class='ocr_carea' id='block_1_12' title="bbox 469 4737 1968 5259">
    <p class='ocr_par' dir='ltr' id='par_1_12' title="bbox 469 4737 1968 5259">
     <span class='ocr_line' id='line_1_31' title="bbox 515 4737 1968 4823; baseline 0.001 -19"><span class='ocrx_word' id='word_1_307' title='bbox 515 4741 700 4804; x_wconf 87' lang='lat' dir='ltr'>Willelmus</span> <span class='ocrx_word' id='word_1_308' title='bbox 720 4737 875 4822; x_wconf 81' lang='lat' dir='ltr'>Tyrvhyt</span> <span class='ocrx_word' id='word_1_309' title='bbox 899 4739 940 4802; x_wconf 90' lang='lat' dir='ltr'>de</span> <span class='ocrx_word' id='word_1_310' title='bbox 963 4738 1204 4823; x_wconf 78' lang='lat' dir='ltr'>Busiyngthorp</span> <span class='ocrx_word' id='word_1_311' title='bbox 1229 4740 1263 4801; x_wconf 92' lang='lat' dir='ltr'>in</span> <span class='ocrx_word' id='word_1_312' title='bbox 1291 4740 1449 4802; x_wconf 84' lang='lat' dir='ltr'>comitatu</span> <span class='ocrx_word' id='word_1_313' title='bbox 1476 4739 1655 4816; x_wconf 87' lang='lat' dir='ltr'>Lincolnie,</span> <span class='ocrx_word' id='word_1_314' title='bbox 1677 4740 1783 4817; x_wconf 89' lang='lat' dir='ltr'>miles,</span> <span class='ocrx_word' id='word_1_315' title='bbox 1804 4741 1968 4807; x_wconf 85' lang='lat' dir='ltr'>Johannes</span> 
     </span>
     <span class='ocr_line' id='line_1_32' title="bbox 473 4826 1968 4915; baseline 0 -22"><span class='ocrx_word' id='word_1_316' title='bbox 473 4831 578 4912; x_wconf 85' lang='lat' dir='ltr'>Kyme</span> <span class='ocrx_word' id='word_1_317' title='bbox 604 4829 645 4890; x_wconf 90' lang='lat' dir='ltr'>de</span> <span class='ocrx_word' id='word_1_318' title='bbox 672 4827 858 4910; x_wconf 84' lang='lat' dir='ltr'>Fryskensy</span> <span class='ocrx_word' id='word_1_319' title='bbox 882 4827 916 4888; x_wconf 91' lang='lat' dir='ltr'>in</span> <span class='ocrx_word' id='word_1_320' title='bbox 941 4829 1100 4889; x_wconf 85' lang='lat' dir='ltr'>comitatu</span> <span class='ocrx_word' id='word_1_321' title='bbox 1126 4827 1281 4908; x_wconf 86' lang='lat' dir='ltr'>predicte,</span> <span class='ocrx_word' id='word_1_322' title='bbox 1306 4826 1507 4908; x_wconf 82' lang='lat' dir='ltr'>gentelman,</span> <span class='ocrx_word' id='word_1_323' title='bbox 1522 4833 1556 4889; x_wconf 90' lang='lat' dir='ltr'>et</span> <span class='ocrx_word' id='word_1_324' title='bbox 1571 4826 1726 4889; x_wconf 85' lang='lat' dir='ltr'>Ricardus</span> <span class='ocrx_word' id='word_1_325' title='bbox 1742 4827 1911 4915; x_wconf 82' lang='lat' dir='ltr'>Ysrburgh</span> <span class='ocrx_word' id='word_1_326' title='bbox 1927 4831 1968 4894; x_wconf 94' lang='lat' dir='ltr'>de</span> 
     </span>
     <span class='ocr_line' id='line_1_33' title="bbox 472 4913 1968 5001; baseline 0.001 -22"><span class='ocrx_word' id='word_1_327' title='bbox 472 4913 643 5001; x_wconf 81' lang='lat' dir='ltr'>Ysrburgh</span> <span class='ocrx_word' id='word_1_328' title='bbox 659 4916 693 4976; x_wconf 95' lang='lat' dir='ltr'>in</span> <span class='ocrx_word' id='word_1_329' title='bbox 710 4915 869 4976; x_wconf 79' lang='lat' dir='ltr'>comitatu</span> <span class='ocrx_word' id='word_1_330' title='bbox 884 4913 1041 4995; x_wconf 89' lang='lat' dir='ltr'>predict0,</span> <span class='ocrx_word' id='word_1_331' title='bbox 1058 4913 1256 4996; x_wconf 72' lang='lat' dir='ltr'>gentelmem</span> <span class='ocrx_word' id='word_1_332' title='bbox 1270 4914 1403 4976; x_wconf 84' lang='lat' dir='ltr'>fuerunt</span> <span class='ocrx_word' id='word_1_333' title='bbox 1418 4915 1523 4977; x_wconf 86' lang='lat' dir='ltr'>seisiti</span> <span class='ocrx_word' id='word_1_334' title='bbox 1537 4935 1576 4978; x_wconf 85' lang='lat' dir='ltr'>ex</span> <span class='ocrx_word' id='word_1_335' title='bbox 1591 4915 1676 4977; x_wconf 92' lang='lat' dir='ltr'>dono</span> <span class='ocrx_word' id='word_1_336' title='bbox 1699 4920 1734 4976; x_wconf 93' lang='lat' dir='ltr'>et</span> <span class='ocrx_word' id='word_1_337' title='bbox 1758 4916 1968 4982; x_wconf 83' lang='lat' dir='ltr'>feoffemeuto</span> 
     </span>
     <span class='ocr_line' id='line_1_34' title="bbox 472 4999 1968 5084; baseline 0.001 -16"><span class='ocrx_word' id='word_1_338' title='bbox 472 5005 605 5068; x_wconf 88' lang='lat' dir='ltr'>Roberti</span> <span class='ocrx_word' id='word_1_339' title='bbox 631 5003 671 5065; x_wconf 89' lang='lat' dir='ltr'>de</span> <span class='ocrx_word' id='word_1_340' title='bbox 700 4999 897 5084; x_wconf 87' lang='lat' dir='ltr'>Willughby,</span> <span class='ocrx_word' id='word_1_341' title='bbox 913 5001 1040 5077; x_wconf 89' lang='lat' dir='ltr'>militis,</span> <span class='ocrx_word' id='word_1_342' title='bbox 1062 5009 1124 5064; x_wconf 87' lang='lat' dir='ltr'>etc.</span> <span class='ocrx_word' id='word_1_343' title='bbox 1147 5000 1187 5062; x_wconf 93' lang='lat' dir='ltr'>de</span> <span class='ocrx_word' id='word_1_344' title='bbox 1213 5002 1358 5063; x_wconf 86' lang='lat' dir='ltr'>manerio</span> <span class='ocrx_word' id='word_1_345' title='bbox 1384 5001 1424 5063; x_wconf 88' lang='lat' dir='ltr'>de</span> <span class='ocrx_word' id='word_1_346' title='bbox 1447 5002 1569 5067; x_wconf 79' lang='lat' dir='ltr'>Hsunr</span> <span class='ocrx_word' id='word_1_347' title='bbox 1595 5022 1670 5064; x_wconf 90' lang='lat' dir='ltr'>cum</span> <span class='ocrx_word' id='word_1_348' title='bbox 1693 5005 1910 5084; x_wconf 89' lang='lat' dir='ltr'>pertinenciis,</span> <span class='ocrx_word' id='word_1_349' title='bbox 1933 5013 1968 5070; x_wconf 93' lang='lat' dir='ltr'>et</span> 
     </span>
     <span class='ocr_line' id='line_1_35' title="bbox 471 5086 1967 5174; baseline 0 -18"><span class='ocrx_word' id='word_1_350' title='bbox 471 5093 596 5156; x_wconf 89' lang='lat' dir='ltr'>dictum</span> <span class='ocrx_word' id='word_1_351' title='bbox 611 5089 792 5152; x_wconf 80' lang='lat' dir='ltr'>manerium</span> <span class='ocrx_word' id='word_1_352' title='bbox 808 5093 940 5151; x_wconf 87' lang='lat' dir='ltr'>tenetur</span> <span class='ocrx_word' id='word_1_353' title='bbox 955 5088 995 5149; x_wconf 92' lang='lat' dir='ltr'>de</span> <span class='ocrx_word' id='word_1_354' title='bbox 1010 5086 1104 5149; x_wconf 87' lang='lat' dir='ltr'>feodo</span> <span class='ocrx_word' id='word_1_355' title='bbox 1118 5088 1159 5150; x_wconf 91' lang='lat' dir='ltr'>de</span> <span class='ocrx_word' id='word_1_356' title='bbox 1174 5088 1330 5150; x_wconf 82' lang='lat' dir='ltr'>Arundell</span> <span class='ocrx_word' id='word_1_357' title='bbox 1346 5109 1402 5170; x_wconf 90' lang='lat' dir='ltr'>per</span> <span class='ocrx_word' id='word_1_358' title='bbox 1428 5089 1599 5151; x_wconf 90' lang='lat' dir='ltr'>servicium</span> <span class='ocrx_word' id='word_1_359' title='bbox 1625 5109 1680 5153; x_wconf 91' lang='lat' dir='ltr'>nn.</span> <span class='ocrx_word' id='word_1_360' title='bbox 1697 5090 1720 5154; x_wconf 84' lang='lat' dir='ltr'>f.</span> <span class='ocrx_word' id='word_1_361' title='bbox 1735 5111 1779 5154; x_wconf 92' lang='lat' dir='ltr'>m.</span> <span class='ocrx_word' id='word_1_362' title='bbox 1804 5093 1967 5174; x_wconf 81' lang='lat' dir='ltr'>quondam</span> 
     </span>
     <span class='ocr_line' id='line_1_36' title="bbox 469 5176 816 5259; baseline 0 -19"><span class='ocrx_word' id='word_1_363' title='bbox 469 5179 607 5242; x_wconf 84' lang='lat' dir='ltr'>Walteri</span> <span class='ocrx_word' id='word_1_364' title='bbox 621 5176 661 5240; x_wconf 91' lang='lat' dir='ltr'>de</span> <span class='ocrx_word' id='word_1_365' title='bbox 676 5176 816 5259; x_wconf 84' lang='lat' dir='ltr'>Hamby.</span> 
     </span>
    </p>
   </div>
   <div class='ocr_carea' id='block_1_13' title="bbox 470 5309 1968 5660">
    <p class='ocr_par' dir='ltr' id='par_1_13' title="bbox 470 5309 1968 5660">
     <span class='ocr_line' id='line_1_37' title="bbox 515 5309 1967 5397; baseline 0.001 -17"><span class='ocrx_word' id='word_1_366' title='bbox 515 5315 684 5380; x_wconf 83' lang='lat' dir='ltr'>Predictus</span> <span class='ocrx_word' id='word_1_367' title='bbox 699 5313 882 5376; x_wconf 85' lang='lat' dir='ltr'>Willelmus</span> <span class='ocrx_word' id='word_1_368' title='bbox 898 5309 1062 5395; x_wconf 78' lang='lat' dir='ltr'>Tyrvvhyt,</span> <span class='ocrx_word' id='word_1_369' title='bbox 1078 5309 1241 5374; x_wconf 87' lang='lat' dir='ltr'>Johannes</span> <span class='ocrx_word' id='word_1_370' title='bbox 1269 5312 1386 5395; x_wconf 90' lang='lat' dir='ltr'>Kyme,</span> <span class='ocrx_word' id='word_1_371' title='bbox 1409 5318 1444 5375; x_wconf 85' lang='lat' dir='ltr'>et</span> <span class='ocrx_word' id='word_1_372' title='bbox 1466 5313 1624 5376; x_wconf 87' lang='lat' dir='ltr'>Ricardus</span> <span class='ocrx_word' id='word_1_373' title='bbox 1640 5313 1809 5397; x_wconf 81' lang='lat' dir='ltr'>Yarbnrgh</span> <span class='ocrx_word' id='word_1_374' title='bbox 1833 5315 1967 5381; x_wconf 83' lang='lat' dir='ltr'>inerunt</span> 
     </span>
     <span class='ocr_line' id='line_1_38' title="bbox 472 5399 1968 5485; baseline 0 -17"><span class='ocrx_word' id='word_1_375' title='bbox 472 5405 576 5468; x_wconf 87' lang='lat' dir='ltr'>scisiti</span> <span class='ocrx_word' id='word_1_376' title='bbox 599 5425 638 5466; x_wconf 87' lang='lat' dir='ltr'>ex</span> <span class='ocrx_word' id='word_1_377' title='bbox 663 5402 748 5464; x_wconf 89' lang='lat' dir='ltr'>dono</span> <span class='ocrx_word' id='word_1_378' title='bbox 774 5407 809 5462; x_wconf 88' lang='lat' dir='ltr'>et</span> <span class='ocrx_word' id='word_1_379' title='bbox 835 5400 1040 5462; x_wconf 84' lang='lat' dir='ltr'>feoffnmento</span> <span class='ocrx_word' id='word_1_380' title='bbox 1063 5399 1201 5482; x_wconf 90' lang='lat' dir='ltr'>predicti</span> <span class='ocrx_word' id='word_1_381' title='bbox 1229 5399 1361 5463; x_wconf 88' lang='lat' dir='ltr'>Roberti</span> <span class='ocrx_word' id='word_1_382' title='bbox 1389 5401 1429 5462; x_wconf 89' lang='lat' dir='ltr'>de</span> <span class='ocrx_word' id='word_1_383' title='bbox 1458 5400 1496 5459; x_wconf 90' lang='lat' dir='ltr'>W</span> <span class='ocrx_word' id='word_1_384' title='bbox 1498 5400 1646 5485; x_wconf 84' lang='lat' dir='ltr'>illughby</span> <span class='ocrx_word' id='word_1_385' title='bbox 1669 5406 1730 5465; x_wconf 88' lang='lat' dir='ltr'>etc.</span> <span class='ocrx_word' id='word_1_386' title='bbox 1746 5402 1787 5464; x_wconf 92' lang='lat' dir='ltr'>de</span> <span class='ocrx_word' id='word_1_387' title='bbox 1814 5405 1909 5466; x_wconf 89' lang='lat' dir='ltr'>terris</span> <span class='ocrx_word' id='word_1_388' title='bbox 1932 5413 1968 5469; x_wconf 92' lang='lat' dir='ltr'>et</span> 
     </span>
     <span class='ocr_line' id='line_1_39' title="bbox 470 5487 1967 5576; baseline 0.001 -21"><span class='ocrx_word' id='word_1_389' title='bbox 470 5491 668 5556; x_wconf 89' lang='lat' dir='ltr'>tenementis</span> <span class='ocrx_word' id='word_1_390' title='bbox 704 5491 739 5551; x_wconf 92' lang='lat' dir='ltr'>in</span> <span class='ocrx_word' id='word_1_391' title='bbox 777 5488 973 5552; x_wconf 75' lang='lat' dir='ltr'>ansrnrruv</span> <span class='ocrx_word' id='word_1_392' title='bbox 1001 5506 1075 5549; x_wconf 90' lang='lat' dir='ltr'>cum</span> <span class='ocrx_word' id='word_1_393' title='bbox 1105 5487 1328 5569; x_wconf 85' lang='lat' dir='ltr'>pertinenciis,</span> <span class='ocrx_word' id='word_1_394' title='bbox 1358 5507 1419 5570; x_wconf 92' lang='lat' dir='ltr'>que</span> <span class='ocrx_word' id='word_1_395' title='bbox 1448 5492 1604 5550; x_wconf 89' lang='lat' dir='ltr'>tenentur</span> <span class='ocrx_word' id='word_1_396' title='bbox 1632 5489 1673 5550; x_wconf 91' lang='lat' dir='ltr'>de</span> <span class='ocrx_word' id='word_1_397' title='bbox 1702 5488 1797 5552; x_wconf 84' lang='lat' dir='ltr'>feodo</span> <span class='ocrx_word' id='word_1_398' title='bbox 1824 5492 1967 5576; x_wconf 91' lang='lat' dir='ltr'>episcopi</span> 
     </span>
     <span class='ocr_line' id='line_1_40' title="bbox 472 5572 1745 5660; baseline -0.002 -17"><span class='ocrx_word' id='word_1_399' title='bbox 472 5578 702 5643; x_wconf 90' lang='lat' dir='ltr'>Dunolmensis</span> <span class='ocrx_word' id='word_1_400' title='bbox 718 5597 773 5659; x_wconf 90' lang='lat' dir='ltr'>per</span> <span class='ocrx_word' id='word_1_401' title='bbox 788 5576 957 5637; x_wconf 89' lang='lat' dir='ltr'>servicium</span> <span class='ocrx_word' id='word_1_402' title='bbox 972 5574 1016 5636; x_wconf 91' lang='lat' dir='ltr'>di.</span> <span class='ocrx_word' id='word_1_403' title='bbox 1034 5573 1057 5636; x_wconf 85' lang='lat' dir='ltr'>i.</span> <span class='ocrx_word' id='word_1_404' title='bbox 1075 5593 1119 5637; x_wconf 88' lang='lat' dir='ltr'>m.</span> <span class='ocrx_word' id='word_1_405' title='bbox 1135 5574 1298 5656; x_wconf 82' lang='lat' dir='ltr'>quondum</span> <span class='ocrx_word' id='word_1_406' title='bbox 1313 5573 1334 5635; x_wconf 89' lang='lat' dir='ltr'>J</span> <span class='ocrx_word' id='word_1_407' title='bbox 1336 5572 1473 5637; x_wconf 85' lang='lat' dir='ltr'>ohannis</span> <span class='ocrx_word' id='word_1_408' title='bbox 1488 5576 1529 5638; x_wconf 91' lang='lat' dir='ltr'>de</span> <span class='ocrx_word' id='word_1_409' title='bbox 1544 5573 1745 5660; x_wconf 88' lang='lat' dir='ltr'>Willnghby.</span> 
     </span>
    </p>
   </div>
   <div class='ocr_carea' id='block_1_14' title="bbox 470 5709 1967 6059">
    <p class='ocr_par' dir='ltr' id='par_1_14' title="bbox 470 5709 1967 6059">
     <span class='ocr_line' id='line_1_41' title="bbox 514 5709 1967 5793; baseline -0.001 -12"><span class='ocrx_word' id='word_1_410' title='bbox 514 5715 658 5780; x_wconf 89' lang='lat' dir='ltr'>Predicti</span> <span class='ocrx_word' id='word_1_411' title='bbox 673 5712 857 5775; x_wconf 87' lang='lat' dir='ltr'>Willelmus</span> <span class='ocrx_word' id='word_1_412' title='bbox 872 5718 935 5774; x_wconf 88' lang='lat' dir='ltr'>etc.</span> <span class='ocrx_word' id='word_1_413' title='bbox 952 5709 1085 5772; x_wconf 84' lang='lat' dir='ltr'>fuerunt</span> <span class='ocrx_word' id='word_1_414' title='bbox 1099 5710 1203 5772; x_wconf 78' lang='lat' dir='ltr'>seiriti</span> <span class='ocrx_word' id='word_1_415' title='bbox 1219 5731 1258 5773; x_wconf 86' lang='lat' dir='ltr'>ex</span> <span class='ocrx_word' id='word_1_416' title='bbox 1272 5711 1356 5773; x_wconf 91' lang='lat' dir='ltr'>dono</span> <span class='ocrx_word' id='word_1_417' title='bbox 1374 5720 1412 5793; x_wconf 85' lang='lat' dir='ltr'>et</span> <span class='ocrx_word' id='word_1_418' title='bbox 1438 5711 1648 5774; x_wconf 84' lang='lat' dir='ltr'>feoffameuto</span> <span class='ocrx_word' id='word_1_419' title='bbox 1673 5712 1813 5793; x_wconf 88' lang='lat' dir='ltr'>predicti</span> <span class='ocrx_word' id='word_1_420' title='bbox 1835 5713 1967 5780; x_wconf 87' lang='lat' dir='ltr'>Robcrti</span> 
     </span>
     <span class='ocr_line' id='line_1_42' title="bbox 472 5798 1966 5886; baseline -0.001 -17"><span class='ocrx_word' id='word_1_421' title='bbox 472 5806 512 5869; x_wconf 95' lang='lat' dir='ltr'>de</span> <span class='ocrx_word' id='word_1_422' title='bbox 528 5799 717 5886; x_wconf 85' lang='lat' dir='ltr'>Willughby</span> <span class='ocrx_word' id='word_1_423' title='bbox 733 5805 795 5862; x_wconf 88' lang='lat' dir='ltr'>etc.</span> <span class='ocrx_word' id='word_1_424' title='bbox 812 5799 851 5860; x_wconf 92' lang='lat' dir='ltr'>de</span> <span class='ocrx_word' id='word_1_425' title='bbox 866 5798 958 5860; x_wconf 90' lang='lat' dir='ltr'>terris</span> <span class='ocrx_word' id='word_1_426' title='bbox 974 5801 1008 5858; x_wconf 93' lang='lat' dir='ltr'>et</span> <span class='ocrx_word' id='word_1_427' title='bbox 1022 5799 1221 5860; x_wconf 86' lang='lat' dir='ltr'>tenementis</span> <span class='ocrx_word' id='word_1_428' title='bbox 1235 5798 1269 5859; x_wconf 93' lang='lat' dir='ltr'>in</span> <span class='ocrx_word' id='word_1_429' title='bbox 1287 5799 1534 5864; x_wconf 81' lang='lat' dir='ltr'>Tunnrnrnons</span> <span class='ocrx_word' id='word_1_430' title='bbox 1560 5820 1635 5861; x_wconf 88' lang='lat' dir='ltr'>cum</span> <span class='ocrx_word' id='word_1_431' title='bbox 1660 5801 1878 5881; x_wconf 89' lang='lat' dir='ltr'>pertinenciis,</span> <span class='ocrx_word' id='word_1_432' title='bbox 1902 5824 1966 5886; x_wconf 91' lang='lat' dir='ltr'>que</span> 
     </span>
     <span class='ocr_line' id='line_1_43' title="bbox 470 5883 1966 5974; baseline -0.001 -18"><span class='ocrx_word' id='word_1_433' title='bbox 470 5897 624 5956; x_wconf 90' lang='lat' dir='ltr'>tenentur</span> <span class='ocrx_word' id='word_1_434' title='bbox 648 5883 693 5952; x_wconf 38' lang='lat' dir='ltr'>de*</span> <span class='ocrx_word' id='word_1_435' title='bbox 713 5887 805 5950; x_wconf 87' lang='lat' dir='ltr'>feodo</span> <span class='ocrx_word' id='word_1_436' title='bbox 827 5886 868 5948; x_wconf 93' lang='lat' dir='ltr'>de</span> <span class='ocrx_word' id='word_1_437' title='bbox 883 5883 1106 5967; x_wconf 82' lang='lat' dir='ltr'>Bullyngbrok</span> <span class='ocrx_word' id='word_1_438' title='bbox 1121 5905 1179 5967; x_wconf 91' lang='lat' dir='ltr'>per</span> <span class='ocrx_word' id='word_1_439' title='bbox 1194 5886 1365 5949; x_wconf 85' lang='lat' dir='ltr'>servicium</span> <span class='ocrx_word' id='word_1_440' title='bbox 1380 5899 1494 5969; x_wconf 77' lang='lat' dir='ltr'>queste</span> <span class='ocrx_word' id='word_1_441' title='bbox 1510 5888 1613 5968; x_wconf 83' lang='lat' dir='ltr'>partis</span> <span class='ocrx_word' id='word_1_442' title='bbox 1627 5905 1684 5952; x_wconf 90' lang='lat' dir='ltr'>nn.</span> <span class='ocrx_word' id='word_1_443' title='bbox 1701 5887 1724 5951; x_wconf 85' lang='lat' dir='ltr'>f.</span> <span class='ocrx_word' id='word_1_444' title='bbox 1742 5907 1786 5951; x_wconf 90' lang='lat' dir='ltr'>m.</span> <span class='ocrx_word' id='word_1_445' title='bbox 1803 5892 1966 5974; x_wconf 83' lang='lat' dir='ltr'>quondum</span> 
     </span>
     <span class='ocr_line' id='line_1_44' title="bbox 472 5971 901 6059; baseline -0.016 -15"><span class='ocrx_word' id='word_1_446' title='bbox 472 5978 631 6059; x_wconf 76' lang='lat' dir='ltr'>,iohannis</span> <span class='ocrx_word' id='word_1_447' title='bbox 645 5977 685 6040; x_wconf 89' lang='lat' dir='ltr'>de</span> <span class='ocrx_word' id='word_1_448' title='bbox 700 5971 901 6058; x_wconf 82' lang='lat' dir='ltr'>Willughby.</span> 
     </span>
    </p>
   </div>
   <div class='ocr_carea' id='block_1_15' title="bbox 0 0 2506 7044">
    <p class='ocr_par' dir='ltr' id='par_1_15' title="bbox 0 0 2506 7044">
     <span class='ocr_line' id='line_1_45' title="bbox 0 0 2506 7044; baseline 0 0"><span class='ocrx_word' id='word_1_449' title='bbox 0 0 2506 7044; x_wconf 95' lang='lat' dir='ltr'> </span> 
     </span>
    </p>
   </div>
  </div>
 </body>
</html>
