5000 7050
535 1050 598 1117 104
1151 1047 1419 1117 antenatus.

578 1337 741 1404 Walterus
764 1338 906 1425 Cheyuel
928 1361 1004 1405 cum
1028 1341 1139 1407 liberis
1166 1340 1350 1405 tenentibus
1376 1342 1410 1404 in
1434 1340 1606 1405 Tuonsolr
1630 1339 1721 1402 tenet
1736 1335 1777 1401 de
1792 1335 1976 1402 Theobaldo
1992 1334 2032 1397 de

534 1424 666 1491 Verdun
681 1448 739 1512 pro
753 1428 841 1512 ,fija
858 1433 950 1512 parte
961 1428 989 1513 j.
1006 1429 1031 1495 f.

578 1564 763 1629 Willelmus
791 1565 891 1629 Fiton
920 1570 1015 1630 tenet
1044 1566 1081 1629 in
1110 1564 1272 1633 saevam
1298 1568 1446 1649 quartam
1472 1567 1600 1647 partem
1621 1564 1649 1646 j.
1678 1562 1701 1628 f.
1718 1564 1757 1627 de
1781 1560 1964 1626 Theobaldo
1990 1563 2031 1627 de

533 1650 677 1730 Verdun,
691 1657 726 1716 et
740 1652 828 1716 idern
843 1654 1044 1718 Theobaldns
1059 1653 1098 1718 de
1112 1657 1231 1717 comite
1247 1653 1443 1732 Warrewici,
1459 1658 1493 1715 et
1507 1672 1616 1715 comes
1630 1652 1671 1714 de
1687 1672 1772 1735 rege.

577 1789 758 1855 Alexander
772 1791 813 1855 de
827 1790 929 1855 Noers
943 1796 1037 1855 tenet
1058 1813 1119 1876 mJ.
1135 1793 1279 1875 virgatas
1298 1795 1382 1854 terre
1397 1792 1432 1854 in
1447 1790 1581 1857 Bsnrou
1597 1789 1637 1853 de
1659 1786 1819 1875 [predicto
1834 1786 2030 1868 Theobaldo‚

535 1884 589 1941 set
602 1898 667 1942 nou
682 1879 765 1943 dicit
777 1899 834 1963 per
847 1880 933 1965 quod
948 1876 1047 1966 etc.].

581 2016 677 2080 Idem
703 2016 905 2081 l'heobaldus
927 2016 968 2081 de
990 2016 1122 2080 Verduu
1146 2020 1239 2081 tanet
1262 2015 1494 2083 Luruavvoaru
1518 2013 1557 2079 de
1582 2013 1731 2080 Johaune
1756 2014 1824 2079 filio
1853 2010 1965 2100 [Alani
1987 2013 2029 2077 de

536 2102 758 2183 erichiston,
772 2109 807 2170 et
820 2104 908 2170 idem
922 2104 945 2170 J
945 2104 1087 2170 ohannes
1102 2104 1142 2168 de
1155 2100 1244 2190 rege]
1265 2104 1320 2172 i.c.
1336 2124 1394 2187 pro
1404 2103 1431 2188 j.
1448 2102 1472 2168 i.
1489 2123 1534 2169 m.

1005 2332 1058 2400 Du
1080 2353 1198 2400 ruoors
1220 2353 1264 2399 oa
1287 2331 1559 2400 RADINGGES.

578 2472 687 2537 Abbas
700 2471 741 2536 de
756 2472 941 2558 Radingges
954 2477 1049 2538 tenet
1062 2475 1098 2537 in
1119 2471 1315 2560 [Wronsrorv
1330 2470 1395 2555 xvj.
1412 2472 1554 2557 virgatas
1577 2475 1662 2533 terre
1687 2470 1723 2531 iu
1750 2468 1921 2553 vilenagio,
1947 2475 1982 2532 et
2000 2468 2027 2553 j.

535 2558 777 2649 molendinum]
791 2562 1000 2626 ventriticum
1011 2561 1053 2626 de
1066 2581 1142 2648 rege
1156 2562 1209 2628 ic.
1220 2565 1270 2625 set
1283 2580 1348 2625 non
1363 2561 1402 2622 fit
1418 2559 1541 2623 mencio
1562 2554 1635 2645 [per
1649 2557 1736 2639 quod
1750 2553 1953 2644 servicium].

1154 2864 1251 2935 An.
1295 2862 1417 2934 1402.

580 3050 757 3134 Inquisicio
771 3054 866 3134 capta
881 3050 967 3134 apud
982 3048 1239 3134 Loughteburgh
1254 3052 1287 3113 iu
1304 3052 1461 3113 comitatu
1479 3048 1661 3131 Leycesirie
1676 3047 1729 3111 die
1746 3047 1862 3113 Martis
1887 3052 2030 3133 proximo

534 3141 610 3203 aute
637 3137 758 3201 festum
781 3137 892 3202 Sancti
917 3137 1097 3215 Valentini,
1121 3158 1205 3200 anno
1229 3138 1320 3221 regni
1345 3138 1430 3221 regis
1454 3136 1589 3198 Henrici
1608 3136 1718 3220 quarti
1734 3142 1806 3219 post
1820 3146 2030 3220 conquestum

535 3225 646 3304 tercio,
677 3245 785 3289 coram
813 3226 938 3289 Thomu
966 3226 1181 3302 Maurevvard,
1218 3225 1408 3287 vicecomite
1444 3225 1619 3287 comitatus
1654 3222 1850 3306 Leycestrie‚
1885 3224 2030 3288 iohanne

534 3312 673 3392 Boteler,
704 3316 865 3377 escaetore
893 3313 1068 3377 comitatus
1103 3312 1253 3395 predicti,
1290 3311 1427 3375 Haurici
1464 3309 1591 3395 Nevyll,
1630 3310 1782 3390 chivaler,
1821 3317 1857 3374 et
1892 3312 2030 3376 Roberto

534 3399 717 3485 Langham‚
731 3400 954 3464 collectoribus
968 3399 1084 3463 auxilii
1099 3400 1224 3463 domini
1238 3398 1325 3483 regis
1339 3400 1380 3461 ad
1395 3397 1598 3477 Blanchiam,
1614 3396 1716 3462 filiam
1737 3398 1765 3481 ej
1771 3398 1883 3462 uadem
1906 3399 2030 3463 domini

534 3490 620 3572 regis
635 3488 899 3573 primogenitam,
913 3487 1142 3566 maritandam,
1156 3489 1189 3550 in
1205 3489 1365 3550 comitatu
1387 3486 1534 3570 predicto
1549 3486 1672 3550 virtute
1695 3484 1862 3550 literarum
1886 3485 2029 3571 ejusdem

535 3575 660 3639 domiui
684 3577 770 3658 regis
793 3577 979 3660 patencium
1005 3576 1129 3640 eisdem
1155 3574 1381 3638 collectoribus
1405 3574 1482 3637 iude
1497 3574 1707 3651 directarum,
1722 3593 1780 3656 per
1794 3580 2030 3640 sacramentum

535 3661 694 3726 Johannis
709 3662 884 3740 Farnham,
899 3663 1057 3728 Johannis
1073 3663 1239 3738 Statium,
1256 3661 1411 3724 Willelmi
1428 3661 1589 3745 Langton,
1611 3659 1734 3724 Thome
1755 3662 1838 3741 Hut,
1865 3661 2030 3746 Radulphi

536 3748 657 3834 Crispe,
671 3749 829 3816 Johaunis
852 3751 953 3833 Payn,
976 3751 998 3816 J
1000 3750 1135 3814 ohannis
1156 3749 1329 3825 Brabason‚
1344 3748 1365 3811 J
1367 3748 1502 3811 ohannis
1517 3748 1647 3832 Purley,
1663 3748 1782 3833 Rogati
1798 3749 1838 3813 de
1854 3750 2029 3828 Waltham,

535 3837 683 3901 Nicholai
718 3838 812 3924 Joye,
848 3837 1003 3906 Willelmi
1036 3836 1190 3922 Ascheby,
1227 3841 1262 3900 et
1298 3836 1420 3899 Thome
1458 3834 1650 3917 Michelson,
1687 3837 1743 3920 qui
1780 3836 1895 3901 dicunt
1936 3858 2030 3922 super

533 3930 771 3992 sacramentum
787 3945 882 3991 suum
898 3926 982 4011 quod
993 3947 1045 3990 :-

1007 4111 1242 4202 [Huunannvnr
1266 4133 1309 4180 nu
1332 4107 1562 4198 GOSCOTE.]

577 4251 676 4335 Hugo
701 4251 740 4314 de
766 4248 984 4336 Wylloughby
1009 4256 1105 4315 tenet
1119 4253 1154 4315 iu
1169 4253 1457 4321 Wruounuswoun
1472 4251 1659 4315 vicesimam
1674 4257 1802 4335 partem
1817 4271 1871 4316 un.
1888 4254 1912 4320 f.
1928 4274 1973 4321 m.
1989 4254 2029 4319 de

534 4338 667 4403 domino
680 4359 757 4422 rege
771 4338 822 4403 i.c.
839 4339 908 4402 sine
922 4339 1030 4402 medio
1044 4346 1083 4402 ut
1097 4339 1137 4402 ds
1151 4337 1271 4404 honore
1284 4339 1452 4404 Peverelli.

551 4563 559 4578 ·
574 4473 714 4625 Thmii
729 4474 836 4540 Grene
850 4478 942 4540 tenet
956 4476 991 4539 iu
1007 4474 1200 4544 Knavvonrrr
1214 4481 1363 4561 quartam
1378 4479 1505 4558 partem
1520 4495 1574 4539 un.
1591 4474 1615 4542 f.
1626 4496 1671 4539 m.
1682 4474 1722 4539 de
1737 4474 1870 4540 domiuo
1883 4496 1959 4562 rege
1974 4478 2027 4544 ic.

534 4582 603 4628 srne
617 4581 673 4627 me
709 4581 738 4628 o.

550 4789 559 4803 .
576 4699 669 4764 Prior
673 4699 722 4852 (ilie
737 4698 895 4767 coventre
908 4705 999 4767 tenet
1012 4704 1048 4768 in
1063 4701 1260 4770 Panruorou
1276 4707 1310 4766 et
1329 4701 1495 4772 Smenos
1511 4721 1566 4764 un.
1582 4701 1605 4766 f.
1623 4721 1666 4764 m.
1681 4700 1723 4764 de
1737 4700 1871 4764 domiuo
1885 4721 1961 4786 rege
1976 4703 2028 4770 ic.

534 4808 605 4854 rme
618 4808 671 4852 me
707 4809 737 4853 o.

578 4925 748 4989 Gilbertus
794 4924 936 5012 Kyghle,
978 4927 1084 5008 miles,
1125 4932 1217 4991 tenet
1264 4929 1300 4990 in
1337 4905 1500 5008 Baaowu,
1534 4925 1730 5008 (iussuros,
1766 4929 1801 4988 et
1837 4925 2030 4996 Woossous

533 5012 744 5078 medietatem
758 5032 814 5079 un.
831 5014 855 5080 f.
871 5034 917 5082 m.
933 5014 974 5078 de
989 5014 1120 5080 domino
1134 5035 1209 5100 rege
1224 5016 1277 5080 io.
1294 5015 1362 5077 sine
1378 5015 1497 5078 medio.

574 5145 736 5228 Johanna,
767 5170 831 5233 que
858 5150 924 5213 fuit
961 5171 1039 5214 uxor
1074 5149 1240 5234 Radulphi
1278 5150 1391 5214 Basset
1427 5151 1469 5212 de
1506 5149 1662 5233 Drayton,
1691 5154 1782 5215 tenet
1810 5151 1845 5214 in
1876 5154 2028 5235 Braows,

533 5236 729 5319 Quununon,
743 5243 778 5300 et
792 5237 985 5304 Wonsuous
1000 5243 1065 5302 tres
1079 5244 1187 5322 partes
1202 5239 1246 5302 di.
1261 5239 1285 5304 i.
1302 5258 1346 5302 m.
1362 5239 1402 5301 de
1417 5237 1548 5301 domino
1563 5258 1638 5322 rege
1652 5241 1704 5304 i.c.
1722 5240 1790 5302 sins
1805 5240 1920 5306 medio.

576 5373 736 5437 Henricus
750 5373 791 5438 de
805 5373 896 5437 Bello
911 5373 1037 5455 Monte,
1054 5375 1111 5457 qui
1125 5380 1174 5438 est
1188 5373 1274 5438 inira
1288 5379 1410 5438 etatem
1426 5376 1460 5437 et
1474 5372 1510 5435 in
1525 5373 1671 5438 custodia
1685 5372 1809 5438 domini
1823 5375 1922 5458 regis,
1936 5379 2030 5440 tenet

531 5461 576 5612 {no
590 5461 966 5613 fflfflffitgusauuou,
989 5466 1025 5526 et
1039 5463 1233 5532 Woosuous
1256 5465 1405 5547 quartam
1428 5465 1555 5545 partem
1571 5461 1637 5529 di.⁰
1652 5460 1676 5527 f.
1692 5481 1737 5528 m.
1753 5463 1793 5524 de
1808 5461 1940 5526 domino
1954 5481 2029 5547 rege

572 5682 719 5767 Mabilla,
745 5706 809 5770 que
832 5685 897 5752 fuir
919 5705 1000 5751 uxor
1024 5684 1183 5752 Johannis
1207 5685 1392 5764 wodeford,
1421 5687 1514 5751 tenet
1543 5685 1579 5750 in
1593 5685 1747 5755 Assnner
1776 5685 1840 5751 duo
1869 5687 1893 5756 i.
1917 5707 1962 5755 m.
1988 5688 2029 5754 de

532 5771 754 5862 dominorege
768 5775 820 5842 ic.
837 5774 905 5839 sine
919 5773 1036 5841 medio.

1140 5928 1256 5976 ‘Altered
1262 5927 1333 5989 from
1343 5926 1430 5976 unius.
