5000 7050
986 1058 1195 1124 NORFOLK
1225 1059 1306 1125 Α.Ι).
1335 1051 1464 1125 14οῚ-2.
1910 1065 1971 1128 631

515 1343 690 1424 iohannes,
708 1347 795 1412 filius
810 1353 845 1410 et
859 1345 950 1412 heres
966 1349 1171 1414 Constantini
1187 1351 1227 1414 de
1243 1349 1386 1434 Clyfton,
1400 1355 1490 1414 tenet
1506 1353 1540 1414 in
1559 1353 1665 1418 Sanun
1680 1351 1703 1436 j.
1718 1358 1821 1436 quart.
1838 1352 1861 1416 f.
1876 1373 1921 1416 m.
1932 1351 1972 1412 de

472 1453 557 1518 rege,
573 1436 629 1519 qui
645 1444 697 1498 est
713 1433 797 1498 inira
812 1441 934 1499 statem
951 1444 1013 1501 etc.

519 1571 611 1636 Idem
626 1571 794 1636 Johanues
808 1577 902 1636 tenet
916 1572 941 1658 j.
958 1579 1064 1656 quart.
1079 1573 1103 1638 f.
1120 1595 1165 1638 m.
1183 1575 1217 1635 in
1236 1576 1343 1641 Suoua
1359 1575 1399 1638 de
1415 1595 1490 1659 rege
1507 1577 1559 1640 io.
1576 1580 1637 1640 stc.

518 1710 664 1775 Heredes
692 1711 827 1774 Roberti
863 1710 989 1789 Ufford,
1026 1711 1155 1788 militis,
1183 1717 1299 1775 tenent
1331 1713 1358 1794 j.
1392 1720 1498 1796 quart.
1530 1721 1563 1776 et
1594 1713 1638 1778 di.
1665 1713 1688 1778 f.
1716 1735 1761 1778 m.
1788 1715 1822 1774 in
1854 1713 1973 1776 Manu

475 1798 722 1865 Poaasuouorsn
736 1799 776 1862 de
789 1818 864 1883 rege
878 1798 929 1864 im.
944 1808 978 1862 et
993 1799 1160 1862 eomitissa
1174 1798 1345 1877 suffultis,
1364 1804 1399 1862 et
1413 1800 1510 1864 abbas
1524 1802 1564 1862 de
1582 1801 1726 1885 Langlee
1741 1807 1854 1864 tenent
1868 1799 1908 1861 de
1923 1819 1989 1862 eo..

519 1934 658 2000 Thomas
683 1936 889 2020 Moumbmy,
915 1937 1019 2014 miles,
1046 1943 1108 2002 ete.
1136 1941 1229 2001 tenet
1252 1937 1285 1998 in
1313 1937 1429 2003 Tnows
1452 1939 1476 2023 j.
1501 1945 1605 2022 quart.
1631 1937 1654 2003 f.
1684 1961 1728 2004 m.
1754 1937 1795 2002 ds
1821 1957 1910 2020 rege,
1940 1941 1973 1998 et

475 2022 640 2086 iohannes
654 2024 787 2087 Pottere
801 2030 895 2089 tenet
908 2024 948 2087 de
964 2045 1012 2088 eo.

520 2161 613 2225 Prior
637 2160 776 2226 Norwioi
801 2165 894 2226 tanat
917 2162 1060 2226 maneria
1086 2161 1125 2226 de
1152 2163 1405 2229 Aunaunouaun
1431 2169 1466 2226 et
1495 2164 1631 2229 Nauuou
1655 2164 1695 2226 de
1724 2184 1809 2248 rege,
1840 2167 1888 2226 set
1918 2182 1975 2245 per

477 2250 562 2331 qnod
577 2253 641 2313 ste.
656 2251 818 2334 ignorant.

521 2387 681 2450 Henrieus
697 2388 882 2471 Lomynour
896 2391 990 2451 tenet
1004 2389 1186 2452 manerium
1201 2388 1241 2451 de
1259 2389 1387 2456 Cassan
1402 2388 1444 2452 de
1459 2409 1544 2472 rege,
1561 2393 1611 2452 set
1627 2393 1689 2454 eto.

521 2524 627 2588 Abbas
642 2525 754 2590 Sanoti
768 2525 934 2589 Edmuudi
948 2531 1042 2589 tenet
1056 2527 1237 2588 manerium
1254 2545 1349 2589 sunm
1365 2527 1399 2588 iu
1416 2529 1542 2593 Cassan
1557 2526 1597 2589 de
1615 2547 1700 2611 rege,
1719 2532 1769 2589 set
1784 2535 1845 2590 etc.

522 2664 627 2727 Abbas
642 2663 753 2727 Sancti
768 2663 937 2727 Benedicti
952 2664 994 2726 de
1008 2662 1134 2727 Hulmo
1148 2667 1240 2727 tenet
1256 2664 1290 2726 in
1308 2665 1508 2732 Suosasuau
1530 2667 1554 2750 j.
1571 2667 1755 2728 manerium
1780 2663 1820 2728 de
1836 2685 1908 2748 rege
1923 2665 1975 2726 i.u.

477 2756 516 2814 ut
529 2750 570 2814 de
587 2751 717 2815 baronia
732 2771 801 2829 sua,
815 2757 865 2814 set
880 2755 943 2816 etc.

520 2887 660 2952 Thomas
686 2889 892 2972 Moumbray,
915 2889 1024 2964 miles,
1046 2896 1110 2954 eto.
1136 2893 1231 2952 tenet
1253 2889 1296 2953 di.
1314 2891 1338 2952 f.
1355 2912 1400 2955 m.
1426 2891 1460 2952 in
1489 2891 1689 2958 Suornsnsu
1714 2889 1753 2954 de
1776 2911 1855 2974 rege
1878 2891 1930 2954 i.u.
1946 2895 1980 2952 et

477 2975 639 3040 Johannes
654 2974 785 3061 Whyte,
800 2976 954 3051 chivaler‚
968 2997 1056 3040 nunc
1070 2981 1160 3040 tenet
1175 2977 1215 3040 de
1229 2997 1278 3041 eu.

476 3115 614 3265 teIdteqr
628 3115 768 3178 Thomas
782 3119 874 3179 tenet
889 3115 914 3200 j.
930 3121 1036 3198 quart.
1052 3115 1075 3180 f.
1091 3137 1136 3181 m.
1155 3116 1188 3177 in
1212 3114 1367 3181 Brsuann
1392 3116 1432 3178 de
1459 3137 1546 3200 rege,
1574 3121 1607 3180 et
1633 3116 1729 3179 abbas
1753 3116 1793 3180 de
1820 3115 1978 3198 Langelee

513 3223 554 3266 ne
608 3222 689 3267 seo.

479 3338 612 3491 oeldtehl
639 3337 778 3402 Thomas
802 3344 892 3404 tenet
912 3338 939 3424 j.
957 3350 1064 3424 quart.
1082 3340 1105 3404 f.
1123 3361 1169 3404 m.
1186 3340 1221 3402 in
1238 3340 1414 3406 Bssuauna
1431 3341 1472 3404 de
1486 3362 1570 3424 rege,
1586 3345 1621 3406 et
1635 3341 1800 3406 Johannes
1817 3341 1978 3425 Westwyk

512 3447 554 3490 ne
606 3446 686 3490 eso.

521 3565 615 3629 Idem
629 3563 770 3629 Thomas
786 3568 877 3629 tenet
891 3566 927 3627 iu
942 3566 1121 3631 Busaansa
1130 3565 1158 3649 j.
1175 3570 1282 3650 quart.
1299 3571 1333 3630 et
1348 3566 1393 3631 di.
1410 3564 1433 3632 i.
1449 3588 1493 3631 m.
1510 3567 1652 3651 detege,
1668 3572 1702 3631 st
1716 3587 1804 3630 nunc
1831 3568 1981 3651 priorissa

479 3652 519 3715 de
534 3650 685 3716 Carhowe
700 3658 792 3717 tenet
806 3652 845 3715 de
860 3674 909 3717 eo,

521 3789 613 3853 Idem
628 3788 767 3852 Thomas
781 3794 817 3853 et
832 3788 1014 3853 Willelmus
1028 3790 1262 3874 Drwrytenent
1280 3790 1314 3853 in
1331 3791 1508 3856 Bassianus
1522 3791 1547 3875 j.
1565 3796 1671 3873 quart.
1688 3792 1710 3855 f.
1727 3813 1771 3856 m.
1785 3790 1823 3853 de
1839 3810 1912 3875 rege
1927 3792 1979 3855 i.c.

521 3928 615 3991 Idem
640 3926 779 3990 Thomas
804 3931 895 3990 tenet
920 3927 957 3989 in
972 3928 1154 3993 Bouauoun
1170 3932 1204 3991 et
1222 3928 1451 3995 Sunnmnuuu
1467 3929 1537 3991 xl²¹¹¹
1556 3928 1722 4012 partemj.
1738 3928 1761 3994 f.
1777 3950 1823 3994 m.
1839 3929 1979 4013 deroga,
2026 3968 2030 3979 ·

478 4022 513 4080 et
527 4015 623 4079 abbas
637 4015 679 4078 ds
694 4014 838 4097 Langlee
852 4019 944 4078 tenet
958 4015 999 4078 de
1014 4015 1103 4077 dioto
1120 4012 1255 4079 Thoma.

521 4146 615 4211 Idem
629 4147 769 4209 Thomas
784 4150 876 4210 tenet
891 4146 936 4211 di.
953 4153 1061 4230 quart.
1078 4144 1101 4209 f.
1116 4167 1162 4211 m.
1179 4147 1213 4209 in
1230 4146 1479 4212 Poaauusnoun
1494 4147 1603 4213 Psavs
1618 4148 1659 4211 da
1673 4166 1750 4229 rege
1764 4146 1815 4211 i.c.
1838 4151 1871 4207 et
1894 4145 1980 4209 idem

477 4235 574 4298 abbas
589 4240 682 4299 tenet
697 4232 737 4297 de
753 4254 801 4299 so.

522 4372 618 4435 Idem
634 4370 774 4435 Thomas
789 4375 882 4434 tenet
897 4370 932 4433 in
949 4371 1149 4437 Saorssrrsu
1165 4376 1223 4435 u¹1¹¹
1238 4374 1367 4453 partem
1392 4370 1419 4456 j.
1433 4369 1457 4435 f.
1472 4392 1517 4436 m.
1533 4370 1575 4433 de
1590 4388 1664 4455 rege
1680 4370 1732 4435 ic.
1747 4376 1782 4434 et
1797 4369 1982 4433 Witlelmus

478 4458 594 4522 Gavell
608 4464 703 4524 tanat
717 4458 758 4522 de
772 4478 823 4523 eo.

521 4596 613 4659 idem
627 4596 766 4659 Thomas
781 4601 875 4660 tenet
889 4595 1039 4678 quintam
1055 4600 1178 4678 partem
1195 4596 1219 4660 f.
1236 4616 1281 4660 m.
1296 4595 1337 4658 de
1359 4615 1433 4680 rege
1455 4596 1490 4658 in
1519 4597 1729 4671 amissum,
1758 4601 1793 4657 et
1818 4592 1982 4658 Johannes

479 4684 571 4768 Sway
585 4688 680 4747 tenet
693 4684 733 4747 de
747 4704 797 4747 eo.

522 4822 615 4886 Idem
645 4821 785 4886 Thomas
815 4826 905 4885 tenet
935 4824 1083 4905 quintam
1112 4825 1240 4902 partem
1271 4821 1294 4885 f.
1326 4841 1370 4885 m.
1403 4821 1436 4883 in
1467 4820 1666 4886 Snornsarrr
1697 4819 1736 4881 de
1762 4838 1836 4901 rege
1868 4818 1920 4883 i.a.
1947 4826 1982 4881 et

477 4911 642 4973 eomitissa
679 4908 845 4989 Suffolkie‚
877 4907 1041 4973 Johannes
1078 4906 1188 4990 Sam,
1219 4907 1382 4971 Robertus
1419 4904 1526 4982 Clark,
1556 4904 1739 4990 Stephanus
1777 4905 1917 4991 Uttyng‚
1948 4913 1983 4968 et

477 4996 616 5061 Thomas
631 4996 715 5060 Bate
730 5018 804 5060 oum
819 4997 1013 5080 paruanariis
1028 4995 1096 5058 suis
1110 5014 1198 5057 nuno
1212 5000 1330 5059 tenent
1344 4995 1385 5058 de
1403 4994 1491 5058 dieto
1506 4993 1642 5058 Thoma.

967 5264 1189 5329 Huunannusr
1211 5284 1256 5327 na
1279 5262 1493 5330 MITFORD.

520 5408 682 5472 Dominus
704 5404 874 5488 episeopus
899 5400 1039 5465 Eliensis
1061 5406 1154 5465 tanet
1181 5402 1364 5465 manerium
1390 5401 1430 5464 de
1457 5402 1640 5469 Susannam
1670 5406 1705 5463 et
1728 5402 1911 5463 manerium
1941 5402 1982 5463 de

479 5496 547 5563 Eas
563 5495 709 5562 Danum
724 5511 799 5556 cum
814 5488 982 5554 hundredo
995 5490 1035 5552 ds
1051 5488 1191 5553 Mitiord
1205 5489 1247 5553 de
1263 5507 1339 5573 rege
1355 5490 1407 5554 i.o.
1424 5487 1458 5551 in
1475 5509 1590 5572 puram
1605 5494 1667 5553 ete.
1686 5492 1733 5567 (aa
1748 5490 1784 5552 in
1803 5491 1912 5567 1346).

521 5634 679 5698 Dominus
716 5629 856 5694 Thomas
892 5626 1036 5703 Bardolf‚
1069 5624 1220 5707 ehivalen¹
1253 5633 1346 5691 tenet
1383 5628 1562 5691 manerium
1594 5628 1634 5690 de
1666 5627 1879 5708 Qwrnannsn
1916 5630 1980 5693 etc.

483 5728 530 5803 (as
547 5726 578 5786 in
599 5724 708 5798 1346).

522 5860 683 6012 Dominqs5
696 5858 835 5921 Thomas
850 5855 889 5919 de
901 5841 1035 5932 Mones,
1046 5851 1303 5933 ehivaler‚tenet
1318 5853 1499 5916 manerium
1514 5852 1554 5915 de
1568 5852 1755 5919 Housman
1770 5851 1810 5914 de
1826 5872 1902 5937 rege
1918 5857 1979 5916 ete.

485 5957 532 6027 (aa
547 5953 582 6014 in
602 5952 662 6011 134
685 5954 708 6023 ).
