5000 7050
559 1064 623 1131 370
1208 1067 1415 1136 LINOOLN.

605 1355 939 1422 Summos-Prior
953 1360 994 1421 de
1011 1358 1186 1443 spaldinge
1197 1365 1290 1423 tenet
1301 1360 1412 1423 villam
1423 1361 1465 1424 de
1478 1361 1666 1427 Srmnruon
1677 1361 1711 1423 in
1723 1381 1836 1443 puram
1847 1360 2057 1424 elemosinam

561 1442 599 1503 de
621 1445 739 1505 comite
762 1445 942 1522 Linoolnie‚
964 1454 997 1508 ct
1013 1448 1099 1510 idem
1115 1468 1218 1510 comes
1234 1448 1275 1511 dc
1289 1468 1377 1532 rege,
1392 1450 1535 1531 exceptis
1549 1449 1674 1511 duabus
1689 1449 1849 1511 carucatis
1864 1452 1959 1527 terre,
1976 1468 2057 1532 quas
2099 1512 2108 1525 ,

559 1529 657 1592 abbas
672 1531 711 1592 de
727 1530 876 1595 Oulaund
891 1532 957 1610 (sie)
972 1540 1062 1597 tenet
1076 1536 1111 1595 in
1128 1555 1240 1617 puram
1255 1535 1465 1598 elemosinam
1482 1536 1522 1597 de
1536 1544 1665 1619 rege,et
1677 1541 1812 1618 excepta
1828 1556 1893 1598 una
1906 1545 2056 1598 carucata

562 1622 644 1679 terre
659 1638 756 1700 quam
770 1619 867 1681 abbas
882 1621 921 1681 de
938 1622 1103 1705 Andigave
1118 1625 1211 1685 tenet
1226 1624 1261 1685 in
1278 1643 1393 1705 puram
1408 1623 1619 1686 elemosinam
1633 1624 1669 1685 in
1685 1623 1796 1686 eadem
1813 1624 1902 1689 villa.

606 1754 964 1820 haereseum—Prior
1000 1759 1041 1820 de
1079 1757 1257 1843 Spaldinge
1294 1764 1385 1822 tenet
1425 1760 1501 1824 villa
1536 1760 1577 1823 de
1613 1762 1823 1826 Pmounucuu
1863 1761 1897 1823 in
1941 1780 2056 1843 puram

562 1839 770 1904 elemosinam
785 1844 826 1905 'de
842 1846 961 1906 comite
977 1845 1155 1921 lincolnia,
1169 1852 1203 1908 et
1218 1847 1307 1909 idem
1322 1867 1428 1909 comes
1443 1847 1482 1909 de
1496 1867 1583 1930 rege,
1598 1849 1742 1931 exceptis
1757 1847 1883 1911 duabus
1897 1850 2056 1910 carucatis

561 1936 644 1990 terre
670 1950 749 2011 quas
773 1929 904 1993 heredes
928 1932 1052 2013 Nigelli
1076 1932 1116 1995 de
1133 1932 1316 1997 Pincebeke
1338 1941 1457 1997 tenent
1478 1934 1519 2017 (le
1535 1934 1699 1998 Willelmo
1722 1935 1763 1998 de
1785 1935 2007 2018 Huntingfeld
2022 1940 2057 1997 et

561 2015 649 2077 idem
677 2016 857 2080 Willelmus
883 2018 922 2079 de
951 2019 1089 2081 Henrioo
1116 2020 1157 2082 de
1186 2020 1451 2104 longocampo,
1480 2028 1514 2084 et
1540 2022 1815 2086 idem'Henricus
1837 2021 1879 2085 de
1901 2042 1978 2107 rege
1999 2023 2053 2087 i.c.

559 2108 692 2185 excepta
708 2124 772 2165 una
786 2125 898 2167 caruca
917 2107 997 2187 (sie),
1014 2127 1110 2189 quam
1126 2106 1223 2169 abbas
1238 2108 1278 2169 de
1295 2108 1456 2170 Orulannd
1472 2114 1564 2173 tenet
1578 2110 1612 2171 in
1640 2130 1753 2192 prusam
1775 2110 1989 2173 elemosinam
2014 2110 2055 2172 de

560 2210 645 2274 rege,
662 2195 695 2252 et
711 2198 845 2274 excepta
859 2212 923 2255 una
938 2200 1085 2256 carucata
1099 2214 1198 2277 qnam
1211 2195 1310 2258 abbas
1318 2196 1499 2280 Andigavis
1514 2202 1608 2259 tenet
1623 2198 1658 2259 in
1673 2197 1787 2260 eadem
1798 2196 1876 2260 villa
1889 2198 1924 2259 in
1940 2217 2055 2281 puram

560 2276 777 2355 elemosinam,
795 2284 893 2342 etest
909 2282 942 2342 in
958 2282 1069 2343 eadem
1084 2281 1236 2345 libertate
1252 2302 1350 2365 quam
1363 2285 1452 2366 prior
1465 2281 1564 2346 habet
1578 2283 1617 2347 de
1632 2304 1716 2368 rege.

604 2414 930 2480 Cannicum-Prior
948 2420 1016 2497 (sic)
1034 2417 1075 2480 de
1103 2417 1265 2483 Orulaund
1291 2424 1383 2484 tanet
1408 2420 1520 2483 villam
1544 2426 1579 2484 et
1602 2418 1837 2507 oon[ventum]
1860 2420 1991 2484 ecclesie
2014 2422 2056 2483 de

561 2500 723 2565 Orolaund
737 2505 772 2565 in
788 2524 903 2587 puram
919 2505 1127 2569 elemosinam
1141 2506 1181 2569 de
1195 2528 1283 2591 rege.

1024 2868 1294 2935 Warrnsraornu
1317 2889 1360 2933 nn
1385 2867 1601 2935 SKYRBEK.

603 3056 932 3123 Torr.—Willelmus
946 3056 987 3118 de
1004 3055 1223 3140 Huntingfeld
1239 3062 1332 3119 tenet
1345 3056 1378 3118 in
1398 3056 1486 3122 Tos‘r
1500 3076 1555 3119 ser
1571 3059 1733 3119 carucatas
1750 3059 1834 3118 terre
1848 3055 1890 3117 de
1905 3055 1999 3118 feodo
2014 3056 2056 3118 de

560 3142 695 3295 gerfflg’
709 3149 743 3205 et
758 3144 837 3206 facit
852 3144 1024 3206 servicium
1040 3141 1213 3283 heredibus
1228 3181 1358 3191 ——
1375 3195 1383 3223 ‚
1400 3149 1433 3207 et
1448 3144 1549 3207 iidem
1564 3142 1697 3206 heredes
1711 3147 1827 3208 tenent
1842 3143 1884 3204 de
1906 3162 1980 3226 rege
2001 3144 2055 3207 i.o.

602 3367 761 3430 Radulfus
787 3367 826 3429 de
852 3366 1041 3431 Rochefford
1067 3372 1158 3432 tenet
1180 3370 1216 3432 in
1237 3370 1351 3432 eadem
1367 3368 1445 3431 villa
1468 3387 1568 3430 unam
1583 3371 1769 3431 carucatam
1784 3372 1871 3429 terre
1885 3366 1926 3430 de
1940 3368 2055 3430 eodem

559 3454 651 3518 feodo
667 3456 708 3518 de
724 3456 858 3534 (lroune,
872 3454 927 3518 sed
945 3463 1008 3520 etc.

596 3594 723 3743 dminus
737 3594 778 3656 de
790 3593 942 3676 Hipetoft
957 3599 1049 3657 tenet
1063 3594 1096 3655 in
1112 3592 1224 3656 eadem
1234 3593 1313 3656 villa
1327 3613 1426 3656 unam
1441 3596 1623 3656 carucatam
1635 3596 1721 3656 terre
1732 3592 1772 3656 de
1783 3591 1897 3656 codam
1914 3590 2056 3680 [feodo]‚

560 3701 593 3743 se
633 3701 695 3745 ec.

603 3817 784 3880 Willelmus
809 3818 850 3880 de
877 3816 1025 3902 Stepyng
1050 3822 1084 3881 et
1109 3817 1207 3901 Hugo
1231 3818 1272 3880 de
1296 3817 1418 3880 Goram
1445 3821 1557 3880 tenent
1573 3836 1671 3879 unam
1686 3821 1870 3880 carucatam
1885 3817 1926 3880 de
1941 3819 2054 3883 eodem

557 3903 661 3983 feodo,
678 3906 762 3968 uode
778 3904 938 3967 Radulius
953 3906 992 3968 de
1009 3903 1201 3967 Roohefford
1217 3909 1308 3968 tenet
1324 3904 1368 3968 di.
1385 3908 1578 3982 carucatam,
1594 3909 1643 3966 set
1657 3909 1718 3966 etc.

602 4040 832 4106 raasson-J
834 4041 975 4104 ohannes
990 4041 1029 4103 de
1044 4041 1177 4103 Valibns
1193 4046 1286 4104 tenet
1299 4041 1334 4102 in
1349 4040 1428 4103 villa
1443 4039 1484 4103 de
1500 4040 1654 4106 Fausrou
1666 4039 1723 4126 vij.
1734 4045 1898 4103 carucatas
1913 4045 1997 4106 terre
2013 4042 2054 4105 da

558 4128 670 4191 eodem
687 4128 788 4206 feodo,
806 4149 866 4190 nec
882 4135 943 4192 etc.

486 4289 492 4298 ·
602 4266 798 4329 Laursncius
813 4265 852 4326 de
867 4264 961 4347 Rupe
975 4269 1066 4328 tenet
1080 4265 1159 4328 duas
1174 4272 1339 4328 carucatas
1354 4268 1439 4328 terre
1454 4265 1489 4327 in
1505 4265 1618 4328 eadem
1634 4264 1713 4328 villa
1727 4264 1767 4328 de
1791 4265 1880 4329 dicto
1904 4265 2055 4331 Johanne

559 4359 593 4416 et
608 4352 720 4416 eodem
736 4353 841 4430 feodo,
859 4359 906 4414 set
923 4359 986 4414 etc.
1618 4398 1621 4402 Α

603 4489 786 4552 Willelmus
806 4489 847 4550 de
871 4487 1045 4551 Polebroke
1073 4494 1107 4551 et
1130 4489 1230 4552 Lucia
1247 4440 1351 4553 Pcclre
1366 4493 1459 4553 tenet
1473 4489 1510 4572 ij.
1527 4493 1693 4552 carucatas
1706 4494 1742 4553 et
1756 4491 1802 4555 di.
1818 4498 2002 4554 carucatam
2017 4493 2053 4554 in

559 4577 674 4640 eadem
689 4577 765 4639 villa
780 4575 821 4638 de
836 4575 949 4640 eodem
965 4575 1066 4656 feodo,
1084 4576 1138 4640 sed
1153 4581 1215 4642 etc.

601 4714 786 4778 Willelmus
814 4714 854 4776 de
883 4713 1060 4799 Kakeyope
1091 4716 1160 4799 (sic)
1193 4719 1284 4777 tenet
1314 4714 1359 4779 di.
1387 4718 1569 4776 carucatam
1594 4712 1635 4776 de
1665 4713 1811 4798 predicto
1838 4714 1987 4779 Johanne
2012 4716 2054 4782 de

559 4801 691 4865 Valibus
706 4803 741 4864 in
755 4801 866 4865 eadem
882 4802 959 4863 villa
974 4801 1014 4864 de
1030 4803 1142 4866 eodem
1159 4802 1263 4879 feodo,
1278 4800 1334 4865 sed
1350 4807 1413 4867 etc.

600 4937 857 5005 Bursam—J
860 4936 999 5001 ohannes
1014 4940 1054 5002 dc
1069 4938 1205 5002 Valibns
1219 4944 1314 5000 tenet
1328 4939 1363 4999 in
1379 4937 1456 5001 villa
1470 4937 1509 5000 de
1524 4937 1706 5004 Burnuwrx
1720 4937 1778 5024 xij.
1789 4943 1954 5004 carucatas
1969 4945 2055 5006 terre

559 5048 633 5092 cum
649 5026 685 5110 ij.
702 5027 833 5100 bovatas
849 5027 981 5088 terrain
999 5027 1124 5094 Seuero
1139 5026 1327 5104 Borunrrm,
1341 5025 1396 5088 sed
1411 5030 1473 5088 etc.

602 5164 775 5228 Bsruororv
805 5173 838 5224 et
868 5161 1269 5228 mnenon-Johanne
1298 5162 1339 5224 de
1369 5161 1453 5225 Beoh
1483 5167 1574 5225 tenet
1606 5167 1671 5224 tres
1701 5168 1863 5227 carucatas
1895 5172 1981 5229 terra
2017 5169 2053 5230 in

558 5251 730 5317 Bnurororv
746 5261 780 5312 et·
795 5252 973 5316 stnurou
989 5271 1046 5334 per
1060 5249 1231 5312 servicium
1247 5249 1398 5329 militare,
1414 5249 1467 5312 sed
1483 5257 1544 5313 etc.

601 5385 973 5450 anaacou-Matilda
996 5385 1036 5447 de
1064 5382 1273 5447 Grumskroft
1296 5388 1387 5447 tenet
1418 5403 1517 5446 unam
1546 5381 1698 5445 bovatam
1728 5388 1810 5446 terre
1839 5390 1874 5448 et
1903 5392 2054 5469 quartam

557 5477 683 5556 partem
699 5493 753 5536 un.
770 5473 887 5534 bovata
903 5476 985 5534 terre
1001 5472 1036 5534 in
1052 5470 1229 5537 Luvnarou
1246 5491 1303 5554 per
1319 5472 1491 5534 servicium
1505 5470 1660 5545 militare,
1676 5471 1731 5533 sed
1747 5476 1809 5536 etc.

597 5587 985 5676 Eumenou-sslladulfos
1008 5609 1050 5670 de
1075 5607 1267 5672 Bochefford
1291 5615 1385 5673 tenet
1409 5610 1446 5697 ij.
1462 5614 1628 5672 carucatas
1651 5615 1734 5673 terre
1756 5611 1789 5672 in
1807 5611 1982 5678 Bnruororr
1996 5633 2055 5697 per

556 5699 728 5760 servicium
744 5696 897 5775 militare,
915 5695 970 5759 sed
987 5701 1050 5760 etc.

599 5834 856 5902 Lam-nobes
871 5835 912 5896 de
930 5835 1103 5912 Walthsm,
1121 5835 1263 5920 Rogatus
1289 5835 1413 5914 Bakun,
1438 5841 1472 5899 et
1494 5834 1653 5898 Radullus
1675 5835 1715 5899 de
1735 5835 1921 5919 Fryskeney
1936 5843 2052 5905 tenent

557 5925 593 6011 ij.
610 5927 775 5986 carucatas
791 5926 874 5984 terre
888 5924 923 5985 in
941 5924 1035 5988 Luxu
1051 5945 1107 6010 per
1123 5925 1293 5987 servicium
1310 5924 1463 6001 militare,
1478 5923 1534 5986 sed
1547 5929 1609 5990 etc.
