5000 7050
562 1047 624 1111 186
1204 1048 1413 1116 LINCOLN.

605 1336 653 1399 De
675 1338 780 1419 priore
805 1338 845 1401 de
871 1336 1072 1402 Haverholm
1097 1343 1230 1403 tenente
1256 1360 1286 1404 x.
1313 1342 1441 1423 partem
1466 1338 1491 1423 j.
1507 1338 1530 1402 f.
1546 1336 1582 1399 in
1602 1336 1745 1413 Aemi,
1769 1351 1868 1417 quem
1893 1328 2058 1413 predictus

561 1422 582 1485 J
584 1425 723 1487 ordanus
737 1426 899 1507 quondam
914 1430 1031 1491 tenuit.

604 1553 654 1617 Dc
679 1555 823 1621 Henrico
848 1556 947 1639 Lecy,
972 1560 1092 1621 comite
1116 1558 1295 1637 Lincolnie‚
1321 1562 1456 1622 tenente
1481 1579 1513 1622 x.
1539 1515 1668 1641 cartem
1696 1554 1721 1641 j.
1747 1553 1771 1620 f.
1796 1554 1832 1617 in
1856 1553 1999 1619 Mentore
2025 1562 2059 1616 et

562 1642 706 1720 Ument,
722 1665 820 1728 quam
834 1644 974 1709 Thomas
989 1646 1132 1729 Estavyn
1147 1647 1313 1729 quondam
1329 1646 1447 1710 tenuit.

604 1780 654 1843 De
667 1778 818 1844 Johanne
831 1780 872 1845 de
887 1780 1055 1845 Sauntone
1069 1787 1203 1846 tenente
1217 1781 1280 1866 iiij.
1296 1786 1418 1864 partem
1435 1782 1459 1867 j.
1474 1780 1499 1846 f.
1515 1782 1551 1844 in
1565 1780 1703 1847 Rumon
1719 1780 1753 1841 et
1770 1777 1929 1847 Scffleei.

604 1915 653 1979 De
667 1915 783 1981 abbate
798 1918 837 1981 de
852 1917 1003 1981 Bokland
1017 1923 1153 1983 tenente
1169 1940 1224 1983 un.
1239 1919 1264 1983 f.
1280 1920 1316 1980 in
1332 1920 1595 1986 (lammam.

435 2106 439 2112 .
603 2055 653 2119 De
667 2056 832 2119 Willelmo
855 2057 895 2119 de
921 2057 1075 2120 Helewell
1100 2062 1232 2121 tenente
1259 2055 1361 2143 iiijtun
1386 2063 1510 2143 partem
1533 2058 1577 2123 di.
1601 2057 1625 2122 s.
1649 2059 1684 2120 et
1708 2060 1788 2119 xx⁸¹¹¹
1814 2056 1952 2137 partem,
1980 2070 2059 2135 quae

561 2142 745 2207 Willelmus
760 2144 799 2207 de
813 2144 921 2227 Kyme
937 2146 1100 2228 quondam
1115 2146 1233 2211 tenuit.

604 2282 652 2345 De
667 2283 771 2365 priore
785 2281 825 2345 de
839 2280 1023 2367 Bclyngton
1038 2286 1172 2347 tenente
1186 2283 1231 2349 xl.
1246 2288 1373 2368 partem
1387 2284 1411 2370 j.
1427 2285 1451 2349 f.
1465 2285 1500 2347 in
1522 2284 1669 2359 Inonem,
1689 2300 1787 2364 quem
1812 2277 1994 2340 Willclmus
2017 2274 2058 2338 de

559 2367 664 2452 Kyme
677 2369 840 2453 quondam
853 2372 972 2434 tenuit.

603 2506 652 2570 De
667 2508 781 2570 eodem
795 2510 899 2591 priore
915 2513 1046 2571 tenente
1061 2509 1104 2593 vj.
1121 2515 1247 2593 partem
1263 2511 1287 2595 j.
1305 2511 1327 2575 f.
1342 2512 1378 2574 in
1394 2511 1547 2599 inem„

601 2643 650 2707 De
673 2645 813 2729 Hugone
836 2645 972 2711 Bardolf
996 2654 1130 2711 tenente
1152 2648 1178 2732 j.
1202 2648 1226 2712 f.
1253 2650 1288 2710 in
1312 2649 1446 2714 Incmffl
1473 2651 1508 2711 et
1531 2648 1743 2725 mecm,
1770 2644 1857 2728 quod
1877 2640 2059 2705 willelmus

560 2732 694 2795 Bardolf
705 2733 866 2817 quondam
883 2737 1002 2799 tenuit.

602 2868 650 2931 De
676 2867 823 2933 Johanne
836 2870 965 2953 Wynok
985 2876 1119 2935 tenente
1135 2871 1195 2957 iiij.
1212 2878 1338 2955 partem
1352 2872 1376 2957 j.
1392 2872 1415 2936 f.
1434 2872 1469 2934 in
1485 2871 1638 2955 predictis
1653 2869 1748 2949 villis,
1764 2888 1861 2952 quam
1877 2865 2057 2929 Wiilelmus

558 2955 686 3039 Wynok
700 2957 863 3041 quondam
877 2960 996 3023 tenuit.

602 3094 651 3157 De
676 3092 831 3178 Philippo
855 3094 896 3158 dc
922 3096 1030 3180 Kyme
1053 3101 1187 3159 tenente
1209 3095 1271 3181 iiij.
1287 3102 1414 3179 partem
1438 3096 1462 3181 j.
1478 3096 1500 3160 f.
1517 3096 1551 3157 in
1570 3096 1698 3164 Smne
1713 3098 1747 3157 et
1772 3092 2055 3169 mmmmm,

557 3201 656 3266 quam
671 3182 784 3245 Simon
799 3183 841 3245 de
856 3182 963 3266 Kyme
978 3184 1141 3266 quondam
1154 3186 1275 3247 tenuit.

602 3318 650 3382 De
665 3318 830 3384 Willelmo
844 3320 886 3383 de
900 3319 1041 3405 Owenby
1055 3325 1189 3385 tenente
1203 3342 1235 3385 x.
1252 3324 1378 3403 partem
1393 3320 1416 3403 j.
1432 3321 1455 3385 f.
1472 3321 1508 3383 in
1523 3320 1751 3395 Emewoem,
1765 3337 1863 3402 quam
1879 3316 2058 3379 Alexander

558 3404 734 3489 Costantyn
751 3408 915 3491 quondam
930 3409 1050 3475 tenuit.

602 3543 650 3608 Dc
666 3545 791 3609 Thoma
806 3545 845 3608 de
860 3544 999 3623 Melum,
1013 3546 1164 3630 priorissa
1178 3546 1219 3608 de
1234 3545 1383 3630 Henyng
1396 3551 1431 3609 et
1446 3544 1630 3622 Brodholm‚
1642 3543 1830 3607 tenentibus
1845 3543 1870 3627 j.
1887 3542 1909 3606 f.
1922 3547 2058 3624 excepta

558 3641 592 3696 v⁸
612 3641 704 3716 parte
720 3639 754 3697 et
768 3655 813 3697 cc.
829 3639 921 3716 parte
936 3634 960 3720 1.
975 3633 999 3698 f.
1016 3634 1050 3696 in
1065 3634 1225 3712 lucem,
1234 3635 1324 3717 quod
1342 3632 1522 3696 Willelmue
1538 3633 1579 3695 de
1593 3631 1731 3716 Ingclby
1745 3635 1909 3715 quondam
1923 3629 2043 3693 tenuit.

601 3770 649 3834 De
663 3773 766 3854 priore
781 3771 822 3835 de
836 3771 964 3834 Nocton
978 3777 1112 3836 tenente
1127 3771 1197 3834 v²⁸¹¹¹
1213 3779 1339 3856 partem
1354 3771 1399 3836 di.
1416 3771 1438 3836 f.
1454 3772 1488 3834 in
1504 3771 1649 3854 predicta
1663 3769 1752 3849 villa,
1769 3789 1868 3852 quam
1894 3766 2059 3852 predictus

559 3858 744 3922 Willeimus
758 3858 798 3922 de
813 3858 952 3943 Ingelby
966 3859 1127 3944 quondam
1142 3863 1262 3925 tenuit.
1439 3870 1442 3876 '

601 3995 651 4058 De
667 3997 771 4079 priore
786 3995 827 4058 de
842 3993 969 4058 Cattele
984 3999 1114 4059 tenente
1128 3997 1200 4059 ναιιιι
1214 4001 1341 4081 partem
1357 3995 1402 4061 di.
1418 3994 1442 4059 f.
1458 3995 1493 4056 in
1508 3993 1654 4079 predicte
1668 3993 1758 4070 villa,
1773 4013 1871 4078 quam
1893 3989 2058 4075 predictus

558 4082 743 4146 Willelmue
758 4082 920 4167 quondam
935 4085 1054 4148 tenuit.

601 4220 649 4283 De
675 4220 825 4297 Henrim,
854 4220 974 4282 comite
1002 4219 1183 4297 Lincclnic‚
1216 4224 1349 4285 tenente
1378 4221 1402 4306 j.
1432 4219 1456 4284 f.
1487 4219 1524 4282 in
1553 4219 1753 4297 Beommei,
1782 4216 1946 4301 quondam
1986 4217 2055 4296 (sic)

558 4307 740 4371 Willelmus
755 4309 926 4392 Longeepe
939 4308 1103 4390 quondam
1117 4310 1238 4372 tenuit.

600 4446 650 4509 De
665 4445 781 4509 abbate
796 4445 837 4509 de
852 4445 996 4530 Barlyng
1009 4451 1144 4510 tenente
1158 4447 1203 4511 di.
1222 4446 1245 4511 f.
1260 4448 1296 4509 in
1313 4445 1486 4514 ammon
1502 4445 1646 4510 Pimm.

600 4584 650 4646 De
665 4582 847 4646 Benedicto
862 4584 902 4646 de
917 4582 1039 4647 Barton
1054 4587 1190 4648 tenente
1204 4605 1235 4648 x.
1250 4588 1379 4667 partem
1401 4584 1426 4670 j.
1443 4581 1466 4648 f.
1482 4584 1517 4646 in
1532 4583 1688 4666 Rmnm,
1711 4603 1809 4668 quam
1833 4578 1991 4644 Ricardue
2015 4579 2057 4643 de

557 4670 694 4754 Creyton
710 4670 873 4754 quondam
888 4672 1007 4736 tenuit.

600 4810 647 4873 De
661 4809 826 4874 Willelmo
841 4808 935 4872 Lasir
948 4813 1081 4874 tenente
1095 4819 1155 4873 ιω
1171 4814 1301 4894 partem
1315 4809 1340 4895 j.
1358 4809 1382 4874 f.
1400 4810 1433 4873 in
1451 4809 1617 4877 SunBRox.

598 4947 648 5012 De
661 4946 777 5010 abbate
791 4947 831 5010 de
847 4945 989 5030 Bmlyng
1001 4951 1134 5011 tenente
1150 4947 1175 5033 j.
1192 4947 1216 5012 f.
1232 4947 1267 5009 in
1286 4946 1488 5014 Scomnom.

598 5084 647 5148 De
672 5081 845 5167 Redulphc
870 5084 911 5147 de
938 5083 1053 5147 Scures
1081 5089 1211 5147 tenente
1241 5083 1303 5169 iiij.
1327 5089 1454 5168 partem
1483 5085 1508 5170 j.
1536 5083 1559 5150 f.
1583 5085 1618 5146 in
1643 5084 1930 5162 Fimntcwonm,
1956 5099 2055 5164 quam

555 5174 715 5237 Robertus
730 5173 771 5235 de
787 5170 896 5234 Souris
910 5171 1074 5255 quondam
1089 5175 1207 5236 tenuit.

597 5312 646 5374 De
669 5310 808 5374 Roberto
834 5311 875 5373 de
901 5310 1082 5374 Umfrevile
1105 5315 1238 5375 tenente
1264 5306 1364 5397 ffijem
1380 5313 1507 5393 partem
1522 5310 1546 5394 j.
1562 5309 1584 5374 s.
1600 5310 1635 5372 in
1651 5309 1939 5385 meucwonm,
1955 5325 2054 5388 quam

553 5400 575 5464 J
576 5399 720 5464 ohannes
734 5398 775 5461 de
790 5395 911 5481 Cateby
926 5398 1089 5481 quondam
1105 5399 1226 5462 tenuit.

596 5537 646 5600 De
661 5533 832 5616 Radulpho
845 5534 886 5597 de
901 5534 1077 5596 Westbcrw
1091 5539 1226 5597 tenente
1240 5534 1312 5620 viij.
1324 5540 1450 5618 partem
1465 5533 1489 5618 j.
1498 5532 1523 5598 f.
1538 5535 1574 5597 in
1585 5533 1780 5602 Wcsmcew
1793 5537 1826 5595 et
1837 5531 2053 5609 conwoion,

553 5645 652 5708 quam
666 5623 830 5688 Henricus
844 5619 931 5684 coffe
949 5623 1076 5700 (παίω
1094 5621 1201 5696 Goffe)
1218 5623 1383 5705 quondam
1397 5622 1517 5686 tenuit.

553 5758 807 5914 teDctJohcnne
821 5757 862 5821 de
872 5757 994 5840 Acceby
1006 5763 1142 5822 tenente
1157 5759 1202 5823 di.
1210 5756 1235 5823 f.
1248 5760 1284 5821 in
1296 5760 1433 5839 Assmm
1443 5758 1529 5844 quod
1544 5757 1643 5842 Hugo
1657 5757 1698 5822 de
1713 5753 1875 5822 Picworth
1890 5713 2053 5838 quondam

589 5869 648 5912 mu
666 5895 674 5912 .
