5000 7050
1105 1041 1204 1108 M).
1228 1043 1325 1108 1428.
1904 1045 1968 1108 559

512 1332 628 1400 Comes
652 1332 841 1398 Warreunie
865 1337 954 1399 tenet
982 1335 1127 1399 maneria
1152 1354 1212 1398 aua
1237 1335 1272 1398 in
1297 1333 1494 1400 Mnrnwonn
1519 1338 1554 1398 et
1578 1333 1787 1400 Funrwnunn
1814 1352 1871 1417 per
1883 1327 1971 1418 'quod

466 1421 635 1485 servicium
649 1422 828 1506 ignoratur.

467 1581 676 1735 HJOhffim
697 1584 883 1652 Wodhouse
913 1589 1005 1650 tenet
1033 1584 1068 1648 in
1099 1585 1307 1654 anrwnnnn
1346 1587 1372 1672 j.
1402 1586 1426 1651 f.
1459 1606 1503 1650 m.
1535 1583 1698 1670 quondam
1729 1582 1904 1647 laurencii
1934 1582 1973 1646 de

502 1691 573 1735 ame
607 1692 676 1736 ene.

511 1835 617 1899 Abbas
632 1835 673 1900 de
695 1835 879 1921 Wenlynga
906 1840 998 1900 tenet
1023 1856 1127 1900 uuum
1153 1837 1356 1921 quarterium
1382 1836 1404 1902 f.
1430 1857 1477 1902 m.
1503 1837 1538 1898 in
1568 1835 1775 1902 anrwnnan
1805 1854 1863 1918 per
1890 1832 1976 1920 quod
2015 1869 2018 1876 ·

468 1924 637 1986 servicium
653 1924 833 2009 ignoratur,
848 1922 1011 2010 quondam
1025 1923 1185 1989 Johennis
1200 1923 1371 1989 Arrondell
1390 1929 1459 2008 (pro
1474 1944 1537 2009 quo
1552 1923 1649 1987 solvit
1664 1923 1831 2000 decimas).

510 2082 616 2148 Adam
630 2082 802 2149 Mondford
820 2090 912 2149 tenet
926 2084 997 2173 viij.
1007 2090 1135 2170 partem
1149 2087 1172 2152 f.
1185 2107 1229 2152 m.
1238 2093 1274 2151 et
1282 2085 1468 2153 Willelmus
1483 2085 1644 2170 Dellynge
1659 2088 1751 2147 tenet
1762 2083 1832 2171 viij.
1848 2085 1975 2168 partem

467 2169 490 2236 f.
505 2190 550 2237 m.
565 2172 728 2258 quondam
743 2171 904 2240 iohannis
919 2173 1073 2237 Arondell
1091 2175 1180 2259 (quia
1193 2175 1304 2238 minus
1319 2179 1435 2259 quarta
1449 2177 1567 2257 parte),

510 2334 603 2398 Prior
625 2335 666 2400 de
690 2334 871 2400 Brombille
896 2341 991 2401 tanet
1014 2356 1118 2400 unum
1142 2337 1342 2423 quarterium
1365 2337 1389 2404 f.
1406 2357 1450 2401 m.
1479 2338 1514 2400 in
1530 2336 1738 2402 Fnurwnnnn
1753 2340 1788 2398 et
1797 2333 1972 2401 'Wnrrnou

468 2442 525 2504 per
554 2423 641 2507 quod
670 2424 841 2488 servicium
870 2425 1048 2510 ignoratur,
1080 2430 1115 2489 et
1144 2422 1309 2492 iohannes
1339 2424 1479 2488 Howard
1509 2431 1600 2488 tenet
1628 2442 1731 2488 unum
1762 2421 1973 2506 quarterium,

468 2510 631 2596 quondam
646 2510 800 2595 Philipps
814 2511 844 2576 le
858 2511 970 2595 Playz.

512 2666 677 2733 iohannes
706 2666 798 2735 Oarle
828 2672 919 2732 tenet
947 2669 983 2731 iu
1013 2668 1184 2736 Wruronu
1220 2670 1396 2733 dimidium
1433 2668 1634 2754 quarterium
1671 2667 1694 2731 f.
1726 2686 1767 2729 m
1809 2666 1972 2751 quondam

468 2753 603 2906 {pfflttq
618 2754 723 2910 ἓξὲξ,
738 2753 950 2874 etJohannes
966 2754 1136 2840 Sheppard
1151 2763 1243 2821 tanet
1259 2757 1380 2821 ibidem
1396 2757 1571 2892 dimidium
1587 2755 1788 2840 quarterium
1808 2753 1972 2839 quondam

470 3005 673 3162 Glssprqqrtua
687 3005 870 3090 Ponynges,
891 3005 998 3084 miles,
1019 3011 1111 3071 tenet
1136 3007 1258 3071 ibidem
1284 3007 1332 3094 iij.
1350 3008 1513 3090 quarteria
1538 3005 1562 3069 f.
1579 3024 1622 3070 m.
1637 3002 1799 3089 quondam
1816 3002 1973 3069 iohannis

496 3114 514 3156 ο
551 3114 569 3156 e
605 3139 614 3157 .

469 3252 607 3401 PIdem
637 3252 807 3332 Robertua,
832 3254 938 3331 miles,
964 3260 1055 3320 tenet
1080 3253 1203 3319 ibidem
1229 3253 1279 3341 iij.
1308 3254 1469 3340 quarteria
1498 3252 1520 3317 f.
1545 3273 1591 3318 m.
1618 3250 1779 3339 quondam
1806 3246 1975 3314 Michaelis

497 3359 650 3424 onynges.

469 3498 668 3652 Mquferqps
704 3501 877 3567 Mondford
912 3505 1006 3569 tenet
1041 3502 1163 3569 ibidem
1201 3503 1251 3590 iij.
1284 3501 1445 3590 quarteria
1481 3501 1504 3567 f.
1536 3520 1580 3567 m.
1617 3499 1780 3585 quondam
1817 3495 1975 3566 iohannis

507 3609 548 3652 on
584 3609 654 3657 or.

514 3747 671 3814 Osbertus
696 3748 871 3814 Moudiord
896 3753 990 3814 tenet
1013 3752 1048 3813 iu
1073 3752 1241 3817 Hocwonn
1267 3755 1302 3814 et
1326 3750 1495 3817 Wnnnorrn
1520 3770 1621 3815 unum
1645 3750 1846 3836 quarterium
1876 3748 1900 3816 f.
1927 3768 1973 3817 m.

470 3837 634 3923 quondum
649 3837 754 3901 Adam
768 3837 956 3903 Mondford.

469 3998 680 4150 ThJOhmes
709 3999 883 4085 Batclyffe,
914 4000 1022 4081 miles,
1046 4006 1139 4064 tenet
1168 4002 1202 4065 in
1229 4001 1403 4069 Sransonn
1433 4001 1479 4065 di.
1502 4001 1525 4065 f.
1549 4020 1594 4067 m.
1622 4001 1786 4087 quondam
1817 3998 1975 4067 iohannis

522 4108 610 4171 orpe.
1085 4143 1088 4148 ,

514 4250 627 4315 Simon
642 4251 790 4338 Felbrig,
804 4250 910 4332 miles,
928 4256 1020 4317 tenet
1035 4252 1070 4353 in
1088 4252 1278 4320 Srrnsrorrn
1294 4252 1339 4317 di.
1355 4254 1378 4318 i.
1396 4272 1440 4320 m.
1457 4252 1620 4337 quondam
1635 4252 1793 4319 Wiltelmi
1808 4252 1847 4317 de
1863 4254 1946 4321 Cler.

474 4499 481 4515 .
515 4414 610 4566 Priotr
632 4415 674 4479 de
699 4413 877 4479 Brombille
903 4421 996 4480 tenet
1027 4421 1216 4482 tenemento
1240 4417 1355 4479 suain
1382 4416 1575 4484 Cnoxsronn
1606 4436 1664 4498 per
1693 4416 1779 4502 quod
1804 4417 1975 4479 servicium

470 4520 584 4585 ignora
599 4523 649 4568 ur.

514 4664 635 4728 Dicunt
650 4666 754 4729 eciam
768 4665 908 4750 predicti
922 4665 1084 4752 juratores
1098 4666 1185 4751 qnod
1199 4667 1289 4731 nulle
1304 4671 1382 4731 sunt
1395 4667 1459 4731 alie
1474 4686 1608 4750 persone
1625 4666 1692 4743 sive
1717 4668 1867 4729 tenentes
1892 4664 1976 4729 inira

470 4747 676 4815 hundredum
701 4754 885 4837 predictum
909 4756 1018 4819 seisite
1039 4758 1076 4819 in
1100 4754 1264 4818 dominico
1277 4775 1336 4818 suo
1350 4754 1540 4831 inmediate‚
1555 4766 1592 4817 ut
1607 4754 1647 4817 de
1665 4753 1763 4817 libero
1778 4758 1976 4831 tenemento,

471 4838 559 4901 unde
572 4838 661 4902 idem
676 4861 807 4923 persone
822 4843 889 4905 sive
904 4849 1054 4906 tenentes
1069 4843 1299 4925 possessionati
1324 4844 1479 4921 existunt,
1504 4843 1562 4925 qui
1586 4848 1702 4904 tenent
1724 4860 1783 4923 per
1807 4842 1975 4924 integrum

471 4925 604 4988 feodum
618 4926 735 4990 militis
749 4927 961 4991 medietatem
983 4925 1148 5014 [terciam]
1170 4929 1219 4991 vel
1235 4935 1384 5015 quartam
1399 4939 1526 5013 partem
1541 4930 1565 4993 i.
1582 4949 1626 4993 m.
1646 4928 1813 4993 inclusive.
1927 5002 1930 5009 ,

516 5086 557 5148 In
587 5087 680 5172 eujus
709 5090 758 5152 rei
786 5090 1011 5154 testimonium
1046 5091 1206 5175 juratores
1241 5092 1381 5174 predicti
1417 5089 1498 5155 huic
1534 5092 1743 5175 inquisicioni
1772 5091 1880 5176 sigilla
1918 5114 1975 5157 sua

470 5182 704 5258 apposuerunt.
746 5176 869 5240 Datum
884 5178 959 5283 loco¹
968 5177 1020 5240 die
1033 5189 1068 5242 et
1082 5198 1167 5242 anno
1182 5177 1385 5263 supradictis

1000 5546 1221 5612 Hunnannun
1244 5567 1287 5612 nn
1310 5546 1456 5615 DISSE.

469 5787 472 5791 ,
513 5719 693 5805 Inquisicio
707 5726 804 5804 capta
817 5724 905 5812 apud
918 5724 1012 5789 Disse
1036 5726 1090 5789 die
1115 5725 1248 5790 sabbati
1274 5725 1421 5809 proxima
1444 5727 1519 5809 post
1543 5724 1665 5788 festum
1693 5722 1805 5787 Sancti
1830 5721 1976 5786 Bernaba

470 5807 619 5892 Apostoli
641 5830 727 5874 anno
749 5813 846 5897 regni
869 5814 954 5896 regis
976 5812 1111 5877 Henrici
1126 5819 1201 5897 post
1215 5816 1428 5897 conquestum
1443 5817 1533 5877 sexto
1548 5831 1655 5874 coram
1671 5808 1827 5874 Nicholao
1844 5808 1975 5888 ersten,

469 5894 644 5961 Edmuudo
655 5898 924 5985 chgbusbonde
935 5903 970 5963 et
985 5902 1079 5964 sociis
1095 5903 1163 5967 auis
1177 5899 1403 5968 collectoribus
1418 5899 1553 5965 subsidii
1569 5899 1691 5962 domini
1708 5899 1793 5984 regis
1808 5900 1842 5961 in
1857 5897 1975 5962 ultimo
