5000 7050
1151 1109 1233 1180 Ab.
1259 1115 1355 1180 1428.
1938 1109 2000 1175 565

542 1395 705 1464 Johsunes
720 1400 881 1468 Cokewell
897 1407 930 1467 et
946 1403 1075 1468 heredes
1091 1401 1251 1470 Johannis
1267 1403 1297 1466 le
1312 1402 1427 1471 Warde
1444 1407 1559 1465 tenent
1574 1403 1721 1484 quartam
1737 1403 1864 1482 partem
1879 1397 1904 1482 j.
1917 1397 1940 1462 l.
1953 1417 1999 1464 m.

497 1485 532 1547 in
547 1484 719 1553 Wouauou
742 1508 805 1572 que
830 1509 932 1575 nuper
953 1491 1020 1554 fnit
1046 1490 1202 1558 Johsnnis
1217 1489 1393 1555 Ratlesden
1409 1494 1443 1554 et
1458 1487 1616 1555 ‚Iohannis
1631 1487 1662 1551 le
1678 1486 1807 1564 Warde,
1821 1484 2000 1549 inmediate

498 1571 540 1636 da
556 1570 731 1639 heredibus
745 1574 925 1642 Petronilla
941 1578 981 1642 de
995 1577 1154 1642 Vallibns.

540 1707 704 1774 Henricus
719 1708 862 1795 lnglom,
877 1713 982 1793 miles,
998 1717 1091 1778 tenet
1106 1715 1141 1777 iu
1157 1714 1276 1780 Lonus
1292 1719 1326 1776 et
1342 1713 1529 1780 Hannnnnn
1543 1712 1588 1778 di.
1605 1711 1629 1777 f.
1645 1734 1690 1777 m.
1705 1709 1792 1795 quod
1806 1728 1911 1792 nuper
1934 1706 1999 1770 fuit

499 1794 618 1880 Rogeri
633 1796 836 1863 Halesworth
852 1804 888 1864 et
901 1799 1036 1864 Roberti
1052 1799 1261 1879 Mundeiord,
1275 1801 1451 1865 inmediate
1467 1800 1507 1864 de
1521 1798 1665 1864 castellio
1679 1800 1721 1863 de
1737 1797 1880 1882 Rysyng.

407 1969 411 1976 ·
541 1930 702 1997 Henricus
715 1934 875 2019 Wslpool,
895 1935 1029 2001 heredes
1054 1936 1211 2004 Johannis
1233 1934 1410 2022 Wylghby‚
1435 1936 1565 2001 heredes
1588 1933 1711 2000 Thome
1736 1932 1845 2008 Obesi,
1867 1929 2000 1994 heredes

497 2018 628 2084 domine
647 2018 718 2107 [de]
740 2021 919 2088 Reveshale
934 2030 1049 2088 teuent
1063 2045 1166 2090 unum
1182 2027 1388 2111 quarterium
1404 2025 1427 2090 f.
1444 2045 1490 2090 m.
1507 2026 1542 2088 in
1558 2022 1643 2087 villis
1665 2023 1706 2086 de
1729 2022 1854 2100 Hesus,
1870 2019 1998 2099 Locus,

498 2104 696 2188 Hispanas,
714 2108 851 2177 Noanors
866 2115 902 2176 et
919 2111 1069 2182 Srsnoun
1085 2113 1264 2178 inmediate
1279 2111 1321 2176 de
1335 2113 1458 2177 comite
1473 2112 1608 2178 Oxonie.

541 2242 706 2310 Johsunes
720 2245 830 2311 Bsoon
844 2251 937 2313 tenet
951 2249 997 2315 di.
1013 2251 1037 2316 i.
1053 2272 1098 2316 m.
1114 2252 1150 2314 in
1165 2249 1283 2319 Ironrtn
1298 2254 1334 2315 et
1358 2247 1557 2329 Hannanan,
1573 2247 1659 2333 quod
1674 2268 1778 2332 nuper
1792 2248 1858 2312 init
1882 2246 2000 2332 Rogeri

498 2330 618 2411 Bacon,
632 2333 810 2398 inmediate
825 2334 866 2400 de
879 2332 1054 2403 heredibus
1068 2336 1109 2402 de
1123 2336 1348 2423 Mouniychet.

541 2466 703 2534 Dominus
712 2470 753 2535 de
763 2469 929 2557 Wylghby
939 2476 975 2536 at
984 2469 1120 2536 heredes
1130 2472 1253 2537 'sbome
1264 2471 1361 2537 Ghsrl
1369 2470 1432 2560 [es]
1451 2477 1571 2537 tenent
1582 2475 1731 2558 quartam
1742 2473 1869 2555 partem
1883 2468 1908 2555 j.
1919 2469 1942 2535 f.
1952 2489 1999 2534 m.

497 2556 533 2622 in
549 2555 710 2636 eremas,
726 2559 811 2642 quod
824 2578 930 2643 nuper
944 2557 1010 2623 fuit
1024 2557 1183 2624 Johannis
1197 2559 1364 2644 Wylghby
1386 2565 1419 2624 et
1436 2558 1594 2625 willelmi
1618 2557 1730 2638 Poole,
1754 2557 1935 2622 inmediata
1957 2555 1999 2620 de

497 2642 671 2709 heredibus
686 2644 850 2731 Radulphi
865 2647 976 2712 Howe.

541 2755 702 2822 Dominus
733 2758 774 2822 de
802 2755 931 2840 Wylby‚
955 2756 1060 2837 miles,
1090 2757 1231 2845 tenet'j.
1247 2759 1272 2824 s.
1288 2763 1322 2822 et

1360 2805 1369 2824 .
1394 2759 1596 2843 quarterium
1623 2755 1644 2821 '.
1668 2754 1692 2822 f.
1717 2777 1764 2822 m.
1787 2755 1822 2819 in
1848 2753 1936 2819 villis
1959 2753 2000 2818 da

497 2842 709 2997 {lffiqplatqq}
722 2845 920 2922 Hennaeus,
942 2845 1080 2912 Lauona
1102 2855 1137 2911 et
1152 2845 1313 2913 daueros
1336 2779 1531 2931 immediate
1557 2845 1597 2910 de
1617 2778 1795 2908 heredibus
1820 2837 1993 2928 iohannis]

541 3044 649 3107 Abbas
671 3043 713 3107 de
736 3042 878 3108 Derhsm
904 3049 994 3108 tenet
1026 3045 1063 3108 in
1085 3044 1261 3113 Omnsros
1285 3064 1388 3109 uuum
1412 3045 1613 3130 quarterium
1638 3044 1662 3110 f.
1686 3063 1731 3110 m.
1757 3039 1934 3119 inmediata
1959 3040 2000 3106 de

497 3133 616 3195 comite
631 3129 814 3196 Giovernie.
1850 3145 1853 3154 '

540 3241 705 3306 Johsunes
735 3240 943 3330 Sp[itlyng],
974 3242 1072 3306 abbas
1100 3244 1140 3307 de
1169 3241 1332 3331 Der[ham
1359 3249 1405 3324 et]
1445 3244 1626 3328 percenarii
1654 3243 1707 3308 sui
1742 3246 1859 3307 tenent
1894 3257 1999 3304 unum

499 3331 698 3504 quarterium
713 3331 736 3396 t.
752 3350 798 3397 m.
814 3332 850 3394 in
866 3331 1052 3408 cinnanos,
1070 3329 1301 3409 lassescatis,
1319 3331 1463 3398 annrr
1477 3337 1511 3396 et
1526 3332 1690 3411 assuens,
1714 3330 1801 3414 quod
1814 3345 1920 3413 nuper
1934 3326 2000 3390 fuit

520 3417 654 3481 Hemici
668 3417 779 3501 Wyth,
793 3419 972 3482 inmediate
986 3418 1027 3481 de
1041 3420 1162 3482 comite
1178 3417 1412 3506 Gloucestrie].

541 3554 705 3620 Robertus
728 3554 861 3638 Clyiton
885 3559 919 3618 et
940 3554 1131 3639 Redulphus
1156 3553 1325 3621 Stanhswe
1350 3560 1466 3621 tenent
1489 3575 1592 3620 unum
1618 3555 1817 3640 quarterium
1842 3554 1866 3620 f.
1890 3574 1936 3620 m.
1962 3554 1999 3616 in

499 3644 678 3722 boosson,
693 3644 779 3727 quod
794 3660 897 3726 nuper
911 3642 977 3706 fuit
991 3641 1114 3706 Thome
1135 3639 1277 3729 [Sparke
1291 3650 1325 3709 et
1342 3643 1460 3710 Cecilie
1474 3644 1515 3707 de
1529 3640 1635 3729 Hoo].
1979 3655 1983 3663 ’

541 3780 665 3844 Dicunt
700 3781 803 3844 eciam
838 3780 999 3866 juratores
1035 3780 1176 3864 predicti
1212 3780 1299 3865 quod
1334 3780 1425 3844 nulle
1462 3800 1596 3863 persone
1633 3780 1699 3845 sive
1736 3784 1883 3843 tenentes
1914 3777 2000 3842 iufra

499 3866 707 3932 hundredum
731 3866 917 3952 predictum
943 3868 1057 3931 saisita
1078 3867 1114 3930 in
1139 3867 1302 3931 dominico
1328 3887 1387 3931 auo
1410 3872 1448 3931 ut
1478 3864 1534 3955 [de
1558 3868 1664 3932 libero
1688 3874 1888 3945 tenemento,
1913 3866 1999 3929 unde

496 3955 599 4020 iidem
628 3974 764 4039 persone
794 3956 863 4019 sive
892 3962 1042 4019 tenentes
1071 3955 1303 4039 possessiousti
1333 3956 1492 4035 existunt,
1521 3958 1577 4042 qui
1606 3962 1720 4019 tenent
1749 3975 1806 4039 per
1833 3955 1999 4037 integrum

496 4043 628 4107 feodum
642 4041 770 4121 militis,
786 4042 1011 4123 medietatem,
1025 4044 1162 4108 tercium
1176 4042 1227 4107 rel
1241 4049 1392 4126 quartam
1406 4052 1533 4127 partem
1547 4042 1645 4107 unius
1658 4039 1747 4106 feodi
1760 4037 1912 4127 militis].

545 4177 600 4266 [ln
629 4179 724 4266 cuius
751 4178 799 4243 rei
829 4180 1057 4243 testimonium
1082 4177 1245 4265 juratores
1278 4180 1417 4264 predicti
1451 4177 1529 4244 huic
1563 4179 1774 4264 inquisicioui
1807 4177 1914 4265 sigilla
1940 4196 1998 4244 sua

494 4262 740 4352 apposuerunt]
791 4264 914 4333 Datum
928 4266 993 4345 die,
1007 4267 1078 4331 loco
1092 4273 1127 4333 et
1140 4286 1225 4332 anno
1240 4267 1446 4353 supradictis.

930 4566 1151 4636 Huunannuu
1173 4590 1219 4636 ns
1240 4569 1560 4641 KNAVuRYNGn.

536 4728 716 4812 Inquisitio
730 4735 827 4813 capta
841 4730 928 4813 apud
943 4731 1056 4799 Lodne
1071 4733 1124 4797 die
1138 4719 1294 4797 Mercurii
1309 4737 1456 4819 proximo
1470 4744 1548 4800 ante
1563 4735 1685 4801 festum
1708 4734 1826 4801 Sancte
1849 4732 1994 4800 Barnabe

492 4816 632 4899 apostoli
654 4837 739 4880 anno
765 4820 860 4901 regni
882 4819 969 4904 regis
992 4819 1130 4883 Henrici
1153 4822 1236 4886 sexti
1259 4830 1334 4906 post
1360 4832 1574 4907 conquestum
1599 4831 1690 4888 sexto
1716 4844 1822 4888 ceram
1838 4822 1995 4887 Nicholac

492 4904 626 4983 Castell,
650 4903 799 4969 Johsnue
825 4905 978 4989 Clipesby
1000 4915 1036 4971 et
1060 4909 1154 4971 sociis
1187 4909 1255 4972 suia
1290 4909 1516 4974 collectoribus
1541 4912 1678 4975 subsidii
1703 4912 1829 4975 domini
1850 4912 1936 4995 regis
1958 4912 1994 4975 in

429 5074 434 5083 1
492 4991 652 5058 comitatu
665 4991 834 5056 Noriollrie
848 4993 884 5056 in
900 4994 1018 5057 ultimo
1032 4995 1245 5077 parliamento
1260 5016 1318 5061 suo
1333 4998 1420 5081 apud
1434 4998 1761 5064 westmonasterium
1776 5000 1811 5061 in
1829 4998 1994 5084 quindena

493 5077 605 5141 Sancti
632 5078 803 5143 Michaelis
832 5080 953 5145 ultimo
982 5084 1140 5165 preterita
1170 5088 1265 5147 tento
1294 5086 1438 5149 concessi
1467 5107 1524 5169 per
1561 5092 1799 5151 sacramentnm
1834 5086 1993 5151 Johannis

492 5164 652 5249 Damyon,
677 5164 836 5233 Johannis
862 5167 950 5247 Oros,
978 5167 1107 5233 Mathei
1133 5170 1365 5257 Lakyngheth‚
1390 5172 1505 5238 Jacobi
1529 5172 1664 5258 Bsdley‚
1689 5172 1814 5238 Thome
1830 5173 1992 5252 Garleton,

491 5250 625 5317 Roberti
653 5250 803 5339 Stronge,
833 5254 990 5319 Wiltelmi
1018 5255 1165 5336 Warner,
1194 5257 1352 5325 Johanuis
1386 5260 1603 5346 Mikelbergh‚
1633 5262 1769 5327 Roberti
1805 5260 1993 5339 Luddelow‚

491 5337 626 5403 Roberti
660 5338 779 5419 Beuet,
816 5341 975 5408 iohannis
1011 5340 1133 5428 Smyth
1170 5353 1206 5409 et·
1242 5345 1377 5411 Roberti
1415 5348 1455 5411 de
1493 5347 1615 5433 Burgh,
1651 5350 1709 5432 qui
1745 5348 1859 5413 dicunt
1896 5368 1993 5431 super

490 5432 728 5491 sacramentnm
742 5448 840 5493 suum
855 5430 941 5514 quod
955 5451 1068 5495 omues
1083 5451 1219 5515 persone
1233 5435 1268 5496 in
1283 5437 1347 5498 ista
1360 5436 1576 5519 inquisicione
1590 5439 1756 5500 nominate
1780 5442 1858 5500 sunt
1879 5437 1992 5501 seisite

489 5518 524 5578 et
553 5516 790 5598 possessionats
818 5524 854 5580 et
889 5538 1002 5583 earum
1031 5520 1181 5602 quelibet
1209 5526 1260 5585 est
1290 5522 1400 5587 scisite
1429 5528 1464 5587 et
1493 5525 1726 5607 possessionata
1754 5524 1790 5586 iu
1830 5524 1922 5587 terris
1958 5530 1992 5588 et

489 5604 685 5666 tenementis
709 5604 776 5667 suis
801 5603 837 5668 in
860 5603 1022 5669 dominico
1045 5627 1102 5670 suo
1127 5613 1167 5671 ut
1187 5607 1228 5672 de
1251 5608 1354 5673 libero
1369 5617 1561 5675 tenemento
1575 5633 1632 5675 suo
1646 5620 1682 5677 et
1696 5615 1812 5677 ment
1827 5629 1884 5676 seu
1898 5616 1991 5677 tenet

488 5688 586 5752 modo
601 5696 637 5754 et
650 5690 755 5755 forma
771 5692 828 5775 qui
843 5698 1031 5777 sequuntur,
1046 5694 1202 5759 videlicet
1216 5696 1303 5780 quod
1313 5721 1368 5762 :—
1396 5760 1399 5767 .

532 5877 692 5963 Magister
705 5879 746 5943 de
760 5879 978 5967 Metyngbsm
993 5887 1084 5948 tenet
1098 5904 1201 5950 unum
1217 5889 1419 5973 quarterium
1435 5889 1458 5956 t.
1468 5910 1513 5956 m.
1525 5890 1559 5953 iu
1575 5888 1692 5969 Heus,
1707 5888 1793 5977 quod
1807 5908 1912 5981 nuper
1925 5889 1991 5959 tuit

489 5963 650 6038 Johsunu
663 5968 704 6033 de
721 5968 866 6037 Norwico
880 5972 1058 6037 inmediste
1073 5972 1113 6039 de
1128 5971 1222 6041 feodo
1237 5976 1435 6047 Arundellie.
