5000 7050
1047 1077 1129 1145 an.
1155 1080 1253 1142 1431.
1774 1153 1781 1168 ⁸
1852 1077 1893 1139 es

421 1363 574 1441 isabella,
590 1385 662 1447 que
680 1367 749 1430 lust
774 1386 853 1429 uxor
877 1366 1008 1429 Ricardi
1031 1366 1073 1428 de
1101 1364 1258 1449 Kirkeby‚
1283 1365 1411 1441 militis,
1436 1364 1476 1425 de
1493 1362 1646 1447 Kirkeby,
1671 1365 1704 1426 in
1734 1365 1892 1427 comitatu

386 1450 569 1514 lancastrie
603 1462 675 1517 etc.
707 1454 774 1516 init
802 1454 869 1517 sois
899 1455 1009 1517 seisita
1038 1460 1102 1518 etc.
1134 1453 1173 1518 de
1204 1455 1346 1515 manerio
1374 1454 1414 1515 de
1454 1452 1606 1516 Krasssr
1632 1452 1779 1516 lnsnvns
1817 1472 1891 1514 cum

383 1540 606 1620 pertinenciis,
622 1551 659 1603 et
676 1542 860 1625 predictum
875 1544 1056 1604 manerium
1072 1562 1146 1603 cum
1161 1541 1375 1623 pertinenciis
1389 1545 1520 1602 tenetur
1536 1560 1592 1622 per
1608 1538 1696 1601 aliud
1721 1540 1891 1601 servicium

382 1647 474 1708 quam
502 1647 562 1708 per
586 1630 771 1691 servicium
796 1628 950 1706 militare,
964 1628 1117 1693 videlicet
1140 1631 1175 1691 in
1199 1631 1339 1714 socagio,
1354 1627 1440 1709 quod
1464 1628 1597 1709 quidem
1622 1627 1801 1689 manerium
1818 1648 1892 1689 cum

384 1713 597 1796 pertinenciis
615 1716 706 1779 valet
723 1737 916 1799 perannum
932 1725 995 1781 etc.
1012 1718 1105 1782 xnls'.

424 1838 616 1903 Wiilelmus
644 1841 771 1917 Lovell,
793 1842 831 1903 de
856 1841 1115 1921 Ketermynster,
1133 1841 1166 1901 in
1192 1841 1352 1902 comitatu
1378 1838 1564 1923 Wygornie‚
1587 1835 1692 1912 miles,
1716 1834 1781 1899 fuit
1808 1836 1893 1897 solus

385 1926 511 1989 saisitus
542 1934 612 1992 etc.
647 1929 690 1991 de
721 1930 864 1991 manerio
900 1930 941 1991 de
978 1930 1238 1993 Nnrrrrnrmnnsr
1268 1947 1343 1990 cum
1374 1926 1594 2009 pertinenciis,
1623 1932 1656 1985 et
1685 1924 1767 1985 illud
1806 1925 1893 1986 idem

385 2016 561 2077 manerium
578 2037 662 2079 cum
677 2018 888 2099 pertinenciis
902 2020 1013 2079 tenuit
1027 2024 1089 2079 etc.
1108 2036 1169 2098 per
1182 2016 1354 2077 servicium
1371 2019 1484 2099 quarte
1501 2014 1600 2095 partis
1616 2032 1670 2074 un.
1689 2013 1711 2075 1.
1729 2032 1772 2076 ιιι.

425 2136 606 2200 Nicholaus
625 2139 666 2201 de
683 2137 783 2214 Croft,
799 2140 837 2201 de
864 2140 994 2219 Dalton,
1017 2142 1050 2201 in
1078 2141 1236 2201 comitatu
1266 2137 1451 2201 Leucaetrie
1476 2136 1629 2219 predicto,
1655 2138 1805 2220 armiger,
1830 2136 1894 2197 fuit

386 2224 467 2286 solus
483 2228 629 2289 saisitus
644 2232 708 2291 etc.
726 2227 768 2289 de
783 2228 924 2289 manerio
939 2228 979 2290 de
995 2228 1129 2292 Damon
1144 2247 1218 2289 cum
1234 2226 1455 2309 pertinenciis,
1465 2232 1499 2286 et
1515 2223 1596 2285 illud
1611 2222 1698 2286 idem
1714 2226 1893 2285 manerium

387 2316 657 2485 ἱῑρρριιθριρὲῦρῗ]
667 2314 758 2466 ιιιΙίίιιό
774 2316 945 2376 servicium
961 2335 1058 2397 quam
1074 2335 1130 2397 per
1151 2315 1324 2376 servicium
1347 2313 1500 2391 militare,
1527 2310 1675 2375 videlicet
1694 2314 1727 2373 in
1754 2313 1891 2393 socagio,

429 2524 601 2589 lohannes
617 2528 658 2589 de
674 2526 876 2610 Haryngton,
892 2528 933 2590 de
952 2526 1125 2602 Wrasome,
1140 2528 1174 2587 in
1191 2526 1351 2588 comitatu
1368 2524 1554 2587 Lancastrie
1569 2522 1727 2606 predicte,
1744 2521 1894 2603 armiger,

390 2611 449 2674 luit
473 2615 565 2675 solus
593 2616 727 2677 saisitus
754 2622 816 2678 etc.
843 2616 882 2676 de
910 2615 1054 2677 manerio
1080 2615 1121 2676 de
1136 2614 1305 2678 Wnssorrs
1328 2633 1401 2674 cum
1425 2611 1646 2695 pertinenciis,
1661 2608 1792 2671 etillud
1807 2609 1893 2670 idem

391 2702 570 2763 manerium
586 2723 663 2764 cnm
679 2702 888 2785 pertinenciis
903 2704 1009 2764 tenuit
1026 2709 1088 2764 etc.
1107 2704 1141 2763 in
1156 2703 1295 2783 sooagio,
1311 2706 1344 2763 et
1360 2700 1447 2763 vaiet
1463 2707 1526 2763 etc.
1544 2699 1616 2762 nti.

429 2828 468 2890 ln
481 2830 586 2913 cujus
599 2832 647 2893 rei
662 2832 891 2894 testimonium
907 2837 972 2895 etc.

430 2956 560 3021 Datum
575 2959 660 3041 apud
677 2959 898 3022 Lancastrism
914 2960 967 3022 die
984 2958 1120 3026 Sabbati
1136 2957 1331 3041 supradicto.

761 3157 1066 3246 [Wasannracmuu
1090 3180 1134 3223 na
1157 3153 1537 3241 LEYLONDSHIRE]
1614 3226 1620 3251 ,

433 3296 616 3380 inquisicio
630 3303 728 3380 capta
742 3297 827 3379 apud
843 3297 977 3360 Preston
994 3317 1100 3359 coram
1116 3296 1264 3359 Johanne
1279 3294 1320 3357 de
1337 3293 1482 3376 Stanley,
1496 3292 1649 3372 chivaler,
1664 3294 1835 3379 liudulpho
1858 3297 1897 3358 de

396 3382 544 3461 Radciiff,
561 3383 700 3446 cbivaler
721 3390 832 3462 (eicos
848 3386 976 3468 before),
990 3385 1044 3446 die
1059 3384 1150 3446 Lune
1166 3384 1312 3466 proximo
1327 3388 1399 3464 post
1414 3381 1534 3444 festum
1550 3381 1780 3466 Concepcionis
1795 3382 1896 3447 Beate

398 3470 493 3535 ilaris
510 3471 670 3556 Virginis,
686 3492 772 3535 auno
787 3474 879 3554 regni
894 3472 1072 3555 supradicti
1087 3472 1171 3556 regis
1185 3470 1320 3534 lieurici
1347 3470 1432 3532 sexti
1457 3488 1553 3548 ιιοιιο,
1578 3490 1633 3553 per
1656 3480 1894 3534 sacramentum

396 3559 527 3622 Ricardi
551 3561 591 3622 de
615 3559 748 3637 Dalton,
763 3560 911 3623 Edwardi
926 3561 966 3622 de
982 3560 1149 3644 Hoghton,
1166 3557 1325 3620 Willelmi
1339 3557 1380 3619 de
1395 3557 1423 3619 F
1423 3565 1595 3639 eryngtcn,
1611 3559 1680 3621 Ade
1696 3559 1733 3620 (1ε
1750 3558 1895 3642 Clayton,

397 3645 529 3710 Henrici
559 3647 598 3709 de
628 3645 787 3724 Chemok,
821 3648 949 3710 Ricardi
979 3648 1018 3710 de
1047 3649 1204 3730 Longtre,
1234 3644 1392 3707 Willelmi
1424 3644 1674 3728 Worthyngt0n‚
1706 3645 1826 3708 Oliveri
1856 3648 1896 3709 de

396 3734 573 3810 tuderton,
601 3734 754 3819 Hugonis
784 3735 999 3818 Adelyngtcn,
1028 3734 1194 3797 Edmundi
1224 3733 1266 3795 de
1295 3733 1471 3809 Anderton,
1502 3731 1652 3812 Hugonis
1681 3733 1720 3795 de
1758 3733 1895 3810 Hulton,

396 3821 517 3884 Thoure
532 3820 719 3904 Nutshagh,
741 3821 873 3884 Walteri
890 3826 1052 3905 Armetry,
1067 3824 1220 3905 armiger,
1235 3829 1270 3883 et
1285 3819 1403 3883 Urielis
1419 3819 1459 3881 de
1477 3818 1685 3894 Brerevrortb‚
1698 3820 1895 3902 juratorum,

396 3911 448 3990 qui
462 3911 583 3972 dieunt
598 3929 696 3991 super
709 3916 947 3973 sacramentum
962 3930 1059 3972 suum
1073 3910 1159 3991 quod
1171 3934 1224 3973 :-

436 4032 598 4096 Ricardue
624 4034 665 4094 de
689 4033 856 4116 Hogbton,
880 4035 921 4097 de
948 4034 1115 4118 Hoghton,
1138 4031 1290 4108 chivaler,
1311 4032 1351 4092 de
1366 4030 1524 4092 comitatu
1540 4031 1736 4107 lancastrie,
1752 4031 1896 4113 predicto

398 4120 446 4182 die
460 4120 600 4182 Veneris
615 4120 681 4183 suit
696 4120 782 4183 solus
797 4122 927 4184 seisitus
949 4123 988 4184 de
1012 4121 1155 4183 manerio
1178 4121 1219 4184 de
1245 4121 1412 4184 Hoorrrorv
1438 4139 1511 4179 cum
1537 4119 1745 4200 pertinenciis
1769 4119 1835 4180 suis
1861 4117 1894 4180 in

398 4208 559 4270 dominico
572 4229 642 4286 suo,
659 4216 695 4269 ut
712 4207 752 4271 de
768 4208 872 4284 feodo,
886 4216 917 4271 et
934 4209 1017 4271 iliud
1032 4210 1118 4272 idem
1134 4208 1316 4271 manerium
1333 4206 1441 4269 tenuit
1457 4207 1602 4288 predicto
1619 4207 1671 4268 die
1687 4204 1821 4268 Veneris
1842 4227 1897 4288 ρει·

398 4297 566 4358 servicium
582 4297 699 4379 quinte
715 4297 816 4378 partis
830 4317 886 4360 un.
904 4296 927 4360 1.
944 4317 988 4360 ιιι.

438 4418 627 4481 Willelmus
641 4418 796 4496 Asshton,
810 4419 852 4482 de
868 4421 1013 4497 Uroston,
1029 4417 1181 4496 chivaler‚
1203 4418 1243 4480 de
1271 4419 1430 4480 comitatu
1456 4417 1652 4496 Lancastrie,
1681 4417 1744 4479 fuit
1768 4417 1898 4480 saisitus

400 4513 459 4570 ete.
484 4507 526 4568 de
552 4507 730 4570 medietate
749 4509 887 4570 manerii
912 4507 954 4570 de
978 4506 1126 4573 ansnorr
1142 4528 1217 4568 cum
1232 4504 1451 4588 pertinenciis,
1466 4510 1499 4566 et
1514 4505 1595 4566 illud
1612 4505 1698 4566 idem
1715 4507 1895 4568 manerium

401 4595 504 4655 tenuit
521 4599 584 4658 etc.
601 4614 660 4676 per
675 4597 845 4657 servicium
862 4602 975 4677 quarte
989 4596 1091 4677 partis
1105 4615 1161 4658 un.
1178 4593 1201 4658 f.
1218 4615 1263 4657 m.

444 4719 625 4782 Willelmus
655 4718 864 4804 Flemmyng,
895 4719 934 4781 de
964 4717 1099 4796 (disten,
1124 4719 1275 4801 armiger,
1300 4717 1340 4779 de
1368 4718 1525 4780 comitatu
1550 4715 1698 4794 Eboraci,
1722 4714 1785 4778 fuit
1814 4717 1899 4778 solus

401 4807 526 4870 saisitus
542 4808 582 4869 de
597 4807 699 4869 altera
714 4806 887 4869 medietate
902 4808 1040 4868 manerii
1055 4807 1095 4869 de
1111 4808 1260 4872 Cnossos
1276 4826 1350 4866 cum
1366 4806 1431 4867 suis
1446 4803 1655 4888 pertinenciis
1670 4809 1732 4868 etc.
1757 4810 1793 4865 et
1817 4802 1897 4866 illud

404 4895 486 4956 idem
501 4896 683 4957 manerium
700 4895 808 4956 tenuit
826 4902 889 4958 etc.
906 4914 963 4976 per
978 4895 1148 4956 servicium
1163 4901 1277 4977 quarte
1292 4895 1394 4976 partis
1409 4911 1465 4956 un.
1484 4893 1506 4955 f.
1523 4912 1567 4955 m.

440 5019 614 5082 Edwardus
629 5019 671 5080 de
687 5015 842 5094 Lathum,
856 5019 896 5080 de
911 5016 1058 5096 Perbaid,
1074 5019 1223 5100 armiger,
1240 5017 1281 5079 de
1298 5017 1457 5078 comitatu
1473 5015 1668 5093 Lancestrie,
1683 5015 1748 5076 suit
1771 5015 1900 5077 saisitus

401 5113 459 5170 etc.
486 5107 527 5168 de
549 5106 696 5170 manerio
720 5105 760 5167 (1ε
785 5106 974 5182 Pessinos,
1000 5110 1033 5167 et
1057 5105 1138 5168 rilud
1153 5105 1239 5167 idem
1257 5105 1436 5166 manerium
1454 5104 1561 5166 tenuit
1575 5109 1639 5166 etc.
1655 5121 1713 5183 per
1729 5101 1899 5164 servicium

402 5200 508 5276 quarte
524 5196 625 5277 partis
641 5213 698 5256 un.
718 5195 739 5256 f.
757 5213 801 5257 m.

443 5318 526 5382 Item
552 5320 671 5381 dicunt
696 5318 783 5401 quod
809 5337 873 5380 non
897 5321 973 5380 sunt
998 5317 1106 5400 alique
1136 5336 1268 5400 persone
1298 5315 1482 5398 spirituales
1511 5321 1567 5376 aut
1598 5314 1789 5396 temporales
1815 5315 1900 5376 infra

403 5405 677 5490 vappentachium
693 5405 733 5467 de
750 5404 990 5487 leyiondshire,
1008 5426 1069 5488 qne
1086 5407 1197 5467 saisire
1213 5406 1348 5467 luerunt
1363 5405 1398 5464 in
1413 5402 1578 5465 dominico
1594 5421 1663 5479 suo,
1677 5409 1715 5463 ut·
1737 5402 1776 5462 de
1799 5400 1900 5464 libero

402 5501 593 5572 tenemento,
609 5492 758 5578 predicto
780 5494 833 5555 die
848 5493 994 5571 Veneris,
1008 5494 1048 5554 de
1074 5493 1238 5574 aliquibus
1253 5493 1416 5565 maneriis,
1433 5493 1538 5568 terris,
1553 5495 1611 5551 aut
1626 5489 1828 5572 tenementis,
1845 5510 1900 5570 per

401 5581 482 5646 aliud
496 5585 670 5646 servicium
682 5601 781 5662 quam
796 5600 852 5662 per
867 5581 1038 5643 servicium
1055 5580 1276 5656 militare,aut
1290 5579 1329 5642 de
1345 5578 1523 5642 redditibus
1539 5576 1631 5640 siccis
1645 5583 1702 5636 aut
1716 5575 1898 5638 redditibus

400 5690 539 5737 onerum.

436 5796 475 5860 In
489 5796 585 5879 cujus
600 5794 652 5856 rei
667 5792 906 5870 testimouium,
921 5797 985 5857 stc.

435 5926 558 5990 Datum
575 5925 643 6003 die,
659 5922 742 5999 1000,
755 5925 791 5984 et
805 5940 890 5984 anno
904 5923 1109 6005 supradictis.
