5000 7050
548 1080 612 1144 494
1188 1080 1407 1147 NORFOLK.

593 1366 751 1431 Dominus
787 1367 1020 1436 Constantinus
1049 1369 1089 1433 de
1125 1368 1258 1433 Mortuo
1287 1368 1383 1446 Meri,
1414 1367 1564 1432 dominus
1593 1366 1757 1431 Johannes
1788 1368 1829 1431 de
1859 1365 2052 1443 Hedersete,

550 1454 743 1519 Edmundus
767 1454 799 1519 le
824 1457 940 1520 Warde
965 1462 1000 1520 et
1024 1456 1218 1521 Edmundus
1243 1456 1283 1520 de
1311 1456 1406 1520 Helle
1430 1462 1542 1521 tenent
1569 1456 1604 1519 in
1623 1455 1810 1522 Bouauuru
1825 1460 1858 1518 et
1876 1454 2050 1523 semrom

550 1540 725 1605 dimidium
740 1545 941 1625 quarterium
955 1544 978 1608 s.
995 1564 1039 1608 m.
1054 1543 1096 1607 de
1110 1545 1181 1608 Ada
1196 1544 1237 1607 de
1254 1544 1389 1623 Cliiton,
1403 1550 1438 1609 et
1453 1544 1540 1608 idem
1555 1544 1596 1606 de
1619 1542 1759 1606 Ricardo
1781 1542 1821 1605 de
1848 1540 1987 1605 Belhous
2013 1547 2049 1604 et

551 1627 708 1692 Ricardus
722 1629 763 1693 de
778 1651 861 1715 rege,
876 1631 963 1714 quod
977 1632 1139 1715 quondam
1155 1632 1222 1695 fuit
1235 1631 1337 1695 Eleae
1355 1631 1468 1695 Warde
1580 1671 1590 1681 -
1681 1671 1691 1680 -
1782 1670 1792 1679 -
1883 1670 1893 1679 -
1983 1648 2047 1693 aa.

593 1764 757 1829 Johannes
770 1766 812 1830 de
827 1767 1020 1845 Hedereete,
1035 1768 1204 1832 Geliridus
1219 1768 1262 1832 de
1278 1767 1374 1831 Halle
1390 1774 1423 1831 et
1440 1769 1490 1831 sui
1505 1770 1654 1831 tenentes
1670 1770 1785 1830 tenent
1800 1767 1834 1828 in
1861 1766 2048 1830 Boxnrmrrr

549 1851 723 1916 dimidium
749 1857 949 1937 quarterium
976 1856 1000 1918 f.
1015 1876 1058 1919 m.
1086 1856 1126 1921 de
1150 1857 1281 1919 domino
1309 1856 1525 1924 Constantino
1549 1854 1588 1917 de
1613 1854 1746 1917 Mortuo
1771 1852 1867 1931 Mari,
1895 1860 1931 1915 et
1957 1852 2047 1915 idem

550 1938 782 2111 Oquqtqssstfitnus
797 1941 837 2063 de
852 1942 1222 2081 comite-warennieqet
1237 1963 1346 2081 eomes
1361 1943 1400 2080 d.e
1416 1962 1501 2079 rege,
1519 1941 1605 2078 quod
1621 1941 1792 2078 quo-udam.
1807 1939 1873 2003 fuit
1883 1938 2047 2090 ,Nwhffii

591 2162 750 2227 Dominus
775 2165 1012 2232 constantinus
1039 2166 1080 2229 de
1102 2166 1235 2229 Mortuo
1261 2166 1349 2229 Mari
1363 2169 1456 2230 tenet
1470 2166 1504 2229 in
1523 2164 1696 2233 samsone
1711 2163 1756 2229 di.
1774 2162 1797 2229 f.
1815 2184 1858 2229 m.
1874 2163 1914 2228 de
1927 2164 2046 2226 nomite

549 2252 731 2330 warennis,
745 2257 780 2316 et
793 2272 900 2316 eomes
915 2252 956 2317 de
971 2273 1059 2338 rege,
1075 2253 1159 2339 quod
1175 2253 1338 2337 quondam
1354 2252 1420 2317 fuit
1435 2251 1596 2316 Johannie
1610 2252 1651 2315 de
1666 2251 1773 2336 Thorp
1864 2290 1873 2301 -
1961 2271 2046 2316 ιιι.

592 2388 752 2452 Dominus
774 2388 967 2453 Edmundus
993 2391 1034 2454 de
1061 2388 1185 2470 Utiord,
1208 2390 1350 2454 Jeoobus
1376 2390 1416 2454 de
1433 2388 1624 2471 Whytevell
1649 2391 1684 2451 et
1699 2388 1882 2452 Alexander
1909 2386 2046 2451 Oldman

548 2479 661 2539 tenent
677 2476 713 2539 in
729 2476 902 2543 Ssuurouu
918 2476 1092 2541 dimidium
1107 2478 1308 2560 quarterium
1324 2478 1347 2541 f.
1364 2497 1408 2543 m.
1425 2476 1466 2539 de
1481 2476 1553 2538 Ada
1567 2475 1607 2539 de
1623 2474 1761 2553 Chiron,
1775 2480 1810 2539 et
1824 2475 1932 2539 dietus
1942 2475 2044 2540 Adam

548 2562 887 2714 ‹Illeuqqrrqqnlqalli‘qrqrdo
901 2563 942 2628 de
956 2562 1107 2701 lielhous,
1124 2570 1160 2627 et
1172 2565 1325 2702 nominas
1351 2563 1507 2701 Ricardus
1522 2563 1562 2627 de
1577 2582 1661 2700 nege,
1681 2562 1772 2699 quod
1781 2562 1959 2700 ’quon-dem
1981 2562 2045 2715 {qt

592 2785 739 2851 Heredes
764 2786 929 2850 Edmundi
956 2784 1051 2850 (llere
1076 2790 1193 2851 tenent
1217 2787 1251 2850 in
1279 2786 1439 2854 Semeros
1455 2785 1499 2850 di.
1516 2786 1539 2851 f.
1555 2805 1600 2850 m.
1615 2784 1655 2849 de
1670 2783 1801 2848 domino
1815 2784 1837 2848 J
1838 2782 1965 2850 ohanne
1979 2785 2046 2849 tilio

548 2872 696 2953 Walteri,
712 2878 746 2937 et
761 2873 849 2937 idem
863 2870 1027 2937 Johannes
1042 2873 1083 2936 de
1098 2893 1185 2957 rege,
1200 2874 1286 2959 quod
1302 2873 1466 2957 quondam
1481 2874 1545 2935 fuit
1560 2871 1717 2935 Willelmi
1733 2870 1826 2936 (llere
1860 2911 1870 2925 ·
1961 2894 2044 2940 xus.

590 3008 697 3072 Abbae
711 3008 750 3072 de
765 3007 879 3073 Sibton
895 3016 928 3073 et
945 3014 1094 3073 tenentes
1110 3012 1161 3073 sui
1176 3014 1289 3073 tenent
1303 3011 1336 3072 in
1355 3009 1547 3077 Grounsros
1564 3010 1752 3073 vicesimam
1767 3014 1895 3094 partem
1918 3011 1945 3096 j.
1960 3010 1983 3076 i.
2000 3031 2047 3073 m.

547 3095 587 3159 de
602 3097 723 3161 comite
737 3097 923 3181 Leyoestrie
937 3101 971 3159 et
986 3115 1093 3160 eomes
1108 3096 1149 3161 de
1163 3116 1240 3182 rege
1269 3132 1887 3148 -------
1975 3097 2044 3183 ijs.

591 3232 682 3298 Prior
704 3234 745 3297 de
770 3232 928 3297 Bromlrill
945 3239 1037 3299 tenet
1060 3237 1288 3299 tenementum
1311 3253 1407 3297 suum
1432 3235 1467 3297 in
1484 3233 1677 3301 Ouonssou
1692 3235 1733 3298 de
1749 3234 1868 3319 Egidio
1880 3235 1921 3299 de
1936 3233 2044 3319 Playr,

547 3325 581 3384 et
596 3319 683 3385 idem
697 3320 835 3406 Egidius
848 3321 888 3385 de
903 3322 1022 3386 oomite
1036 3320 1219 3400 Warennie,
1233 3342 1290 3405 per
1305 3321 1390 3406 quod
1406 3321 1577 3385 servicium
1595 3322 1755 3405 ignorant.

701 3460 836 3526 Summe
851 3458 1000 3548 nitito.
1017 3460 1107 3544 rije.
1123 3479 1183 3544 pro
1197 3458 1253 3546 xij.
1269 3458 1304 3539 i,
1322 3458 1394 3546 viij·
1415 3464 1518 3543 parte,
1533 3464 1569 3524 et
1583 3466 1637 3526 xx·
1658 3464 1751 3543 parte
1766 3459 1790 3546 j.
1807 3458 1831 3524 i.
1847 3478 1892 3526 m.

1069 3865 1290 3930 Huunaanuu
1314 3883 1357 3927 na
1382 3861 1525 3928 DISGE.

591 4051 917 4120 lustr-souerse
930 4051 961 4115 le
976 4050 1162 4128 Mortimer‚
1177 4046 1320 4113 Thomas
1334 4048 1376 4114 de
1391 4045 1585 4126 Sohirwoda
1609 4046 1785 4111 Nioholsus
1800 4047 1841 4111 de
1856 4045 2043 4131 Brampton,

550 4138 715 4204 Johannes
739 4139 780 4202 de
806 4137 980 4218 Interrode,
1003 4135 1170 4202 Johannes
1193 4138 1234 4201 de
1259 4132 1448 4213 Pe'senhale‚
1474 4131 1640 4198 Johannes
1663 4132 1804 4213 Cartare,
1819 4131 1983 4198 Johannes
2004 4131 2044 4194 de

548 4227 642 4307 Foru,
658 4223 820 4290 Johannes
834 4226 876 4289 de
891 4226 1024 4304 (leston,
1038 4224 1199 4289 Redulfus
1215 4223 1321 4308 Spiee,
1347 4222 1478 4286 Hamon
1504 4222 1545 4286 de
1571 4219 1676 4298 Oeolt,
1698 4219 1863 4286 Johannes
1887 4219 1986 4304 Gylot
2009 4225 2046 4282 et

548 4314 708 4378 Robertus
723 4313 798 4394 (lut,
815 4319 872 4396 qui
887 4314 1002 4376 dieunt
1017 4333 1075 4397 per
1089 4315 1330 4376 sacramentum
1346 4329 1442 4374 suum
1456 4308 1540 4392 quod
1552 4331 1604 4371 :-
1758 4343 1761 4352 ·

590 4501 750 4566 Dominus
764 4502 786 4564 J
787 4499 929 4566 ohannes
942 4501 1030 4564 tilius
1044 4500 1182 4565 Walteri
1196 4504 1290 4564 tenet
1305 4519 1410 4563 unum
1423 4497 1604 4562 manerium
1618 4499 1654 4560 in
1671 4497 1784 4576 Drson,
1797 4501 1830 4560 et
1845 4495 1988 4579 pertinet
2002 4494 2044 4557 ed

547 4590 715 4654 baroniam
729 4609 831 4667 suam,
847 4592 882 4654 et
896 4589 988 4654 illam
1003 4593 1098 4653 tenet
1113 4589 1152 4652 de
1167 4589 1301 4651 domino
1315 4607 1391 4671 rege
1407 4605 1464 4670 per
1479 4585 1652 4649 servicium
1667 4585 1715 4670 iij.
1730 4584 1754 4650 f.
1770 4603 1814 4648 m.

590 4724 753 4791 Johannes
777 4727 818 4790 de
841 4725 1042 4810 Monnteney
1066 4730 1160 4790 tenet
1185 4728 1413 4789 tenementum
1436 4741 1532 4786 snum
1558 4723 1595 4785 in
1621 4721 1724 4788 Drsos
1750 4740 1807 4804 pro
1835 4718 1881 4783 di.
1896 4717 1919 4784 f.
1935 4738 1979 4784 m.
2004 4718 2045 4782 de

548 4811 696 4882 Johanne
711 4813 779 4878 tilio
794 4812 931 4878 Walteri
946 4822 979 4878 et
993 4815 1084 4878 idem
1099 4814 1242 4898 detege,
1257 4809 1523 4896 quodquoniam
1538 4809 1604 4874 luit
1618 4808 1780 4892 Amulphi
1794 4807 2014 4889 Mounteneye

1427 4927 1431 4934 ·
1961 4912 2045 4960 xus.

591 5037 774 5103 willelmus
788 5038 830 5102 de
845 5037 978 5106 Glinton
1002 5042 1096 5101 tenet
1121 5037 1303 5099 manerium
1330 5035 1371 5098 de
1386 5034 1647 5102 Wvuussaaruo
1673 5032 1806 5096 nomine
1831 5031 1917 5096 dotis
1939 5032 2047 5094 uxoris

546 5146 603 5191 sue
627 5145 686 5210 pro
709 5126 734 5212 j.
750 5126 774 5191 f.
790 5146 834 5190 m.
850 5125 892 5188 de
906 5125 1073 5189 eomitissa
1087 5124 1128 5188 de
1143 5122 1322 5203 Penebrolr,
1347 5126 1382 5187 et
1401 5122 1489 5185 idem
1508 5123 1576 5198 (ric)
1594 5121 1634 5184 de
1659 5139 1745 5203 rege,
1773 5118 1859 5202 quod
1884 5117 2046 5203 qnondam

546 5216 612 5278 fuit
626 5213 777 5296 lingonis
791 5213 822 5276 le
836 5211 902 5275 Ver
952 5244 1878 5263 ----------
1966 5202 2044 5270 xls.

588 5348 752 5415 Johannes
767 5350 798 5413 le
813 5348 943 5413 Verdon
958 5353 1051 5413 tenet
1066 5349 1248 5412 manerium
1263 5348 1297 5410 in
1314 5346 1534 5413 Bussruuusu
1549 5343 1590 5408 de
1605 5343 1771 5407 eomitissa
1786 5341 1975 5406 Marescalle
1989 5360 2047 5424 pro

546 5439 571 5525 j.
588 5438 613 5505 i.
630 5445 665 5502 et
685 5438 863 5501 dimidium
888 5437 1087 5519 quarterium
1109 5436 1238 5513 militis,
1267 5441 1301 5498 et
1324 5434 1414 5497 idem
1441 5435 1509 5512 (sic)
1536 5432 1577 5494 de
1600 5451 1687 5516 rege,
1701 5429 1787 5512 quod
1804 5429 1968 5512 quondam
1982 5429 2047 5491 fuit

515 5532 522 5545 ¹
546 5525 679 5589 Ricardi
693 5525 732 5589 de
747 5524 886 5602 Breuse;
901 5525 942 5587 de
958 5543 1021 5608 quo
1036 5523 1131 5587 feodo
1145 5528 1179 5585 et
1193 5523 1331 5586 dimidio
1343 5521 1506 5604 quarterio
1516 5517 1700 5582 Willelmus
1711 5517 1751 5580 de
1763 5515 1945 5580 Middelton
1957 5520 2048 5580 tenet

545 5617 695 5699 quartem
723 5616 851 5695 partem
880 5613 916 5674 in
946 5610 1025 5673 ville
1053 5611 1095 5674 de
1124 5611 1355 5686 stemensu,
1387 5608 1473 5692 qnod
1510 5605 1674 5692 quondam
1712 5605 1777 5667 fuit
1814 5601 1972 5667 Johannis
2007 5602 2046 5666 de

545 5699 729 5785 Boylound,
744 5698 786 5762 de
801 5717 865 5783 quo
879 5695 1045 5762 Johannes
1060 5697 1229 5782 Boylound
1244 5702 1393 5761 oneratus
1408 5693 1475 5758 fuit
1488 5692 1528 5758 de
1544 5693 1588 5758 di.
1606 5693 1629 5758 f.
1644 5693 1686 5756 de
1701 5690 1821 5754 relevio
1836 5710 1894 5754 suo
1948 5690 2011 5756 xlv.
2018 5709 2044 5754 r.

586 5833 752 5901 Johannes
781 5834 922 5899 Hovard
951 5840 1046 5900 tenet
1074 5836 1259 5900 manerium
1287 5836 1323 5896 in
1353 5832 1531 5900 Fausrnnn
1563 5849 1622 5916 pro
1654 5829 1679 5916 j.
1703 5827 1726 5893 f.
1750 5847 1794 5890 m.
1817 5827 1858 5891 de
1882 5828 2049 5891 eomitissa

542 5924 745 6003 Maresoelln,
760 5929 795 5987 et
809 5923 896 5987 idem
915 5925 984 6004 (eie)
1001 5922 1146 6008 detege,
1164 5920 1429 6008 quodquoniam
1445 5917 1511 5983 suit
1526 5917 1664 5982 Roberti
1679 5917 1720 5980 de
1736 5915 1839 5982 Boreo
1871 5952 1882 5968 ·
1970 5913 2047 5981 xla.
