5000 7050
538 1108 601 1173 888
1144 1100 1423 1168 MIDDLESEX.

579 1392 723 1457 Ecclesia
737 1394 849 1459 Bassa
865 1393 977 1459 Manrn
991 1393 1031 1456 de
1046 1394 1259 1460 Bounnuswn
1273 1394 1308 1457 in
1334 1393 1447 1457 eedem
1462 1393 1566 1457 warda
1581 1394 1668 1458 valet
1691 1415 1747 1479 per
1772 1414 1896 1458 annum
1922 1392 2035 1459 decem

535 1500 665 1545 marcas.

580 1619 725 1685 Ecclesia
742 1620 861 1687 Seueri
878 1620 1099 1689 Sw1ruuu1iu
1115 1620 1231 1683 eadem
1248 1620 1354 1683 warda
1370 1621 1533 1704 valet.per
1546 1640 1670 1684 annum
1686 1620 1806 1706 viginti
1822 1642 1954 1686 marcas.

580 1757 723 1822 Ecclesia
739 1758 857 1827 Senon
874 1758 1044 1825 Ssuenuru
1059 1759 1092 1821 in
1108 1756 1224 1821 eadem
1240 1757 1346 1820 warda
1361 1758 1447 1821 salet
1461 1779 1518 1841 per
1532 1779 1654 1822 annum
1670 1759 1887 1844 quadraginta
1901 1779 2034 1823 marcas.

580 1896 724 1960 Ecclesia
738 1896 850 1962 Basra
866 1895 980 1962 Massa
995 1896 1223 1964 Wouomuonn
1239 1897 1274 1959 iu
1290 1896 1403 1959 eadem
1418 1897 1525 1961 warde
1540 1898 1628 1975 valet
1642 1916 1836 1980 perannum
1850 1918 1923 1961 xxv.
1935 1900 1956 1962 l.

479 2029 482 2037 ’
579 2032 624 2096 Et
653 2032 740 2117 quod
768 2053 832 2097 non
863 2038 941 2098 sunt
969 2033 1077 2117 plures
1106 2034 1239 2099 ecclesie
1269 2031 1470 2117 paiocbiales
1497 2036 1532 2096 in
1562 2034 1699 2097 civitate
1730 2034 1876 2116 predicta
1906 2055 1965 2097 nee
1997 2035 2033 2096 iu

537 2119 698 2183 suburbiis
724 2120 869 2204 ejusdem
893 2125 1000 2204 preter
1026 2122 1192 2185 ecelesiam
1219 2122 1339 2189 Senon
1363 2123 1550 2187 Aucusumr
1576 2122 1617 2184 de
1642 2123 1771 2187 Pessi-:r
1793 2121 1877 2184 inira
1899 2121 2033 2185 eandem

536 2209 705 2271 civitatem
720 2210 755 2271 in
771 2208 821 2293 cuj
828 2230 863 2271 us
878 2206 1030 2292 parochis
1045 2210 1157 2272 decem
1172 2208 1392 2273 inhabitantes
1407 2209 1573 2272 domicilia
1588 2213 1737 2272 tenentes
1750 2227 1816 2271 nou
1831 2210 1989 2273 existunt.

580 2344 667 2409 Item
683 2345 797 2409 dicunt
812 2345 897 2430 quod
913 2344 1003 2409 nulle
1018 2352 1094 2409 sunt
1108 2365 1242 2429 persona
1258 2346 1367 2409 saisita
1383 2344 1434 2409 vel
1450 2346 1685 2427 possessiouate
1700 2346 1740 2408 de
1754 2345 1919 2428 aliquibus
1940 2346 2035 2408 terris

537 2452 594 2496 seu
620 2432 817 2497 tenementis
843 2433 928 2495 inira
952 2433 1074 2497 dictam
1099 2435 1268 2497 civitatem
1291 2453 1350 2496 neo
1374 2434 1410 2495 in
1437 2433 1595 2496 suburbiis
1618 2431 1777 2518 ejusdem,
1799 2454 1860 2517 que
1882 2438 2034 2495 tenentur

535 2519 726 2584 immediate
751 2540 808 2602 per
831 2520 1000 2583 servicium
1026 2521 1179 2601 militare,
1205 2542 1263 2604 per
1287 2521 1372 2606 quod
1386 2520 1488 2605 aliqui
1503 2521 1627 2583 denarii
1642 2521 1743 2583 levari
1758 2522 1884 2603 possint
1897 2521 1936 2583 ad
1953 2540 2034 2602 opus

536 2608 662 2671 domini
676 2608 760 2691 regis
771 2607 867 2691 juxta
882 2612 1029 2672 tenorem
1043 2610 1280 2673 commissionis
1294 2608 1469 2671 antedicte.

522 2786 527 2793 ·
580 2743 620 2807 In
649 2744 742 2828 cujus
771 2746 828 2827 rei
848 2745 1074 2813 testimonium
1106 2746 1271 2830 juratores
1307 2746 1447 2828 predicti
1483 2743 1560 2809 huic
1598 2744 1807 2829 inquisicioni
1836 2742 1945 2828 sigilla
1974 2764 2034 2807 sua

535 2836 763 2916 apposuerunt,
779 2831 894 2896 datum
909 2832 1077 2897 londonie
1091 2834 1145 2897 die
1159 2838 1292 2897 stanno
1307 2833 1512 2916 supradictis.
