5000 7050
1027 1182 1030 1189 k
1117 1086 1200 1156 an.
1226 1093 1321 1156 raas.
1902 1093 1965 1157 261

507 1366 553 1429 lle
563 1369 590 1451 j.
609 1368 630 1434 l.
648 1372 692 1435 di.
708 1393 753 1438 oc.
770 1382 861 1457 parte
886 1380 920 1440 st
936 1377 1008 1459 viij·
1029 1383 1118 1460 parte
1139 1378 1166 1463 j.
1181 1379 1205 1442 f.
1220 1401 1265 1444 m.
1291 1381 1325 1442 in
1352 1379 1533 1446 Gnuussnr
1557 1385 1592 1443 et
1619 1381 1769 1457 Nsusou,
1798 1379 1961 1464 quondam

464 1451 635 1519 Alexandri
647 1459 686 1521 de
698 1459 860 1545 Ginthorp
874 1463 1000 1542 (rectius
1013 1464 1231 1551 Grimthorp),
1241 1466 1262 1530 J
1264 1465 1402 1530 ohannis
1414 1467 1583 1531 Somarrill
1594 1468 1727 1552 (vacrila
1739 1467 1924 1549 Somerby)‚
1932 1472 1967 1529 et

388 1590 391 1596 .
462 1540 600 1616 aliorum
626 1544 666 1607 de
693 1545 814 1612 honore
838 1550 1082 1631 Richemondie,
1103 1554 1199 1617 modo
1221 1555 1256 1616 in
1272 1555 1421 1618 manibus
1435 1553 1592 1618 heredum
1609 1555 1767 1617 Willelmi
1782 1553 1963 1637 Gypthcrp,

464 1625 617 1710 chivaler,
634 1632 791 1698 Willelmi
808 1636 919 1712 Fossa,
934 1637 1090 1703 heredum
1106 1641 1267 1704 Willelmi
1283 1641 1549 1726 Chaumberleym
1565 1643 1707 1705 Simonis
1722 1641 1763 1705 de
1778 1639 1963 1724 Gypthorp,

464 1712 617 1781 heredum
632 1719 755 1784 Thome
771 1722 958 1810 Slryprryth‚
973 1725 1108 1791 Haurici
1121 1728 1314 1812 Vavyssonr,
1328 1729 1485 1793 heredum
1502 1729 1634 1793 Roberti
1649 1733 1684 1793 at
1702 1729 1796 1806 Well,
1807 1728 1828 1792 J
1829 1726 1966 1792 ohannis

463 1801 626 1884 Langtcm
649 1814 684 1873 at
709 1809 862 1888 aliorum,
887 1834 925 1875 eo
940 1815 1027 1899 quod
1042 1816 1195 1898 ignorant
1210 1837 1267 1899 pro
1283 1823 1405 1901 quanto
1421 1816 1559 1902 quilibet
1573 1822 1666 1880 tenet
1680 1836 1738 1899 per
1753 1836 1797 1881 se.

506 1940 671 2008 Johannes
695 1946 880 2012 Kermonde
895 1954 988 2014 tenet
1002 1957 1069 2014 tres
1082 1957 1189 2036 partes
1197 1953 1226 2036 j.
1244 1954 1268 2020 f.
1285 1975 1329 2018 m.
1344 1955 1378 2017 in
1397 1952 1558 2022 dumnoc
1573 1953 1737 2040 quondam
1754 1953 1903 2038 Gregorii
1919 1952 1960 2016 de

464 2027 640 2094 Mumbuch
658 2032 697 2096 da
713 2032 832 2100 honore
847 2036 1090 2104 Richemondie.

508 2166 667 2233 Dominus
693 2171 734 2234 de
758 2172 949 2260 Willughby
973 2180 1066 2241 tenet
1095 2180 1129 2241 in
1154 2179 1382 2247 Founnsrown
1409 2179 1454 2245 di.
1477 2180 1501 2244 f.
1537 2201 1581 2245 m.
1620 2179 1783 2264 quondam
1807 2176 1967 2242 Johannis

464 2253 503 2316 de
519 2254 708 2343 Willughby
723 2261 763 2323 de
777 2259 871 2326 feodo
886 2262 1130 2330 Richemondie.

509 2391 670 2457 Robertus
693 2396 822 2474 Hilton‚
848 2399 953 2480 miles;
977 2405 1071 2463 tenet
1099 2402 1135 2463 in
1158 2401 1384 2469 Founusrown
1411 2405 1475 2465 tres
1502 2406 1610 2486 partes
1629 2401 1657 2483 j.
1681 2401 1705 2466 f.
1729 2421 1773 2466 m.
1802 2399 1966 2486 quondam

466 2477 596 2544 Roberti
611 2482 728 2548 Hilton
742 2485 782 2548 de
796 2485 890 2549 feodo
904 2486 1150 2554 Riohemondie.

509 2618 672 2685 Johannes
686 2622 816 2707 Turnay
829 2630 923 2689 tenet
937 2627 972 2689 in
988 2625 1117 2694 Carasa
1131 2627 1177 2693 di.
1195 2627 1217 2693 f.
1234 2648 1280 2694 m.
1297 2634 1353 2696 xx·
1372 2632 1465 2713 parte
1480 2630 1626 2710 excepta,
1639 2626 1800 2712 quondam
1810 2625 1831 2689 J
1832 2623 1968 2691 ohannis

465 2704 596 2791 Turnay
610 2709 651 2772 de
667 2708 761 2774 feodo
775 2711 1020 2780 Richemondie.

508 2841 673 2911 Johannes
688 2848 842 2932 Topclyie
857 2854 950 2913 tenet
964 2851 1000 2914 in
1016 2850 1151 2919 Oanuau
1166 2851 1256 2938 iiijrffl
1276 2857 1401 2936 partem
1422 2850 1449 2936 j.
1466 2852 1489 2916 i.
1515 2871 1559 2916 m.
1589 2850 1752 2936 quondam
1777 2849 1900 2914 Thome
1927 2850 1968 2913 de

465 2930 622 2997 Turribus
637 2934 677 2997 de
691 2935 783 3000 feodo
797 2937 829 2999 N
831 2939 978 3002 ormanni
993 2938 1109 3023 Darcy.

508 3067 692 3133 Willelmus
716 3069 876 3150 Fraunlrs,
903 3073 1009 3150 milas,
1032 3077 1124 3137 tenet
1137 3071 1184 3138 di.
1199 3072 1223 3137 f.
1240 3094 1285 3138 m.
1302 3073 1337 3136 in
1364 3071 1584 3139 Baroossnns
1613 3076 1646 3135 et
1671 3071 1788 3148 Wsrs,
1803 3070 1967 3156 quondam

466 3155 560 3218 Alani
573 3155 725 3220 Fraunlre
741 3159 780 3221 de
794 3158 888 3222 feodo
904 3159 1038 3226 Cestrie.

370 3365 375 3372 ¹
509 3294 557 3356 De
583 3297 629 3362 di.
656 3296 680 3360 f.
708 3297 870 3381 qnondam
900 3296 1062 3362 Johannis
1091 3299 1131 3363 de
1164 3296 1285 3384 Haugh
1316 3299 1357 3361 de
1386 3297 1479 3361 feodo
1508 3293 1739 3360 constabularii
1770 3293 1903 3374 Castris,
1928 3298 1968 3361 de

463 3382 652 3445 tenentibus
667 3386 831 3467 ignorant,
845 3405 950 3470 neque
965 3386 1006 3448 de
1022 3386 1100 3449 villa
1117 3385 1172 3450 uhi
1186 3386 1328 3450 situatur
1343 3385 1411 3449 ullo
1426 3387 1531 3449 modo.

508 3519 557 3584 De
583 3519 629 3585 di.
646 3521 670 3587 f.
694 3522 857 3607 quondam
881 3523 1046 3609 Radulphi
1072 3524 1133 3588 filii
1158 3523 1301 3588 Warrini
1326 3524 1366 3587 de
1393 3522 1488 3587 feodo
1515 3519 1749 3586 constabularii
1769 3519 1901 3601 Castris,
1926 3521 1968 3585 de

464 3609 651 3673 tenentibus
664 3630 768 3696 neque
783 3611 823 3675 de
839 3612 934 3674 terris
948 3612 1112 3695 ignorant,
1130 3633 1234 3697 neque
1249 3613 1289 3675 de
1304 3612 1382 3675 villa
1398 3611 1453 3674 ubi
1468 3611 1610 3693 situatur
1625 3608 1692 3671 ullo
1708 3608 1813 3671 modo.

509 3746 667 3810 Dominus
693 3748 733 3812 de
758 3748 851 3812 Bello
875 3750 999 3830 Monte,
1018 3752 1105 3814 intra
1129 3753 1254 3814 etatem
1281 3755 1316 3813 et
1338 3750 1374 3813 in
1400 3747 1547 3811 custodia
1568 3746 1692 3809 domini
1716 3745 1811 3829 regis,
1827 3746 1967 3808 tenetis

467 3834 638 3914 Coruino,
656 3834 870 3911 Tsonrswar,
885 3842 920 3901 et
934 3838 1125 3905 Rornwann
1138 3838 1175 3924 ij.
1192 3838 1215 3904 l.
1232 3838 1395 3923 quondam
1411 3836 1546 3899 Roberti
1562 3832 1723 3897 Rothwell
1745 3834 1787 3895 de
1809 3831 1905 3896 feodo
1926 3832 1967 3895 de

465 3919 606 4007 Bayugs.

509 4059 671 4123 Henricus
694 4060 831 4125 Retford
854 4069 890 4126 et
912 4061 1046 4127 heredes
1069 4062 1230 4127 Johannis
1255 4062 1360 4125 Melet
1382 4064 1497 4126 tenent
1520 4060 1565 4124 di.
1588 4060 1612 4123 f.
1639 4078 1684 4123 m.
1707 4058 1740 4120 in
1768 4056 1968 4135 Rouawnnn,

464 4147 628 4230 quondam
645 4148 807 4231 Radulphi
824 4150 959 4213 Retlord
974 4158 1007 4214 et
1023 4149 1181 4214 Johannis
1196 4150 1299 4214 Malet
1320 4150 1359 4213 de
1382 4150 1479 4212 feodo
1502 4148 1543 4210 de
1565 4145 1690 4222 Nerell,
1712 4144 1799 4208 unde
1821 4145 1967 4245 isabella,

464 4254 527 4317 que
548 4236 616 4297 fuit
637 4256 717 4298 uror
734 4236 890 4301 Willelmi
905 4237 1022 4315 Melet,
1035 4243 1124 4301 tenet
1140 4240 1175 4301 in
1191 4239 1267 4301 dote
1283 4239 1418 4300 terciam
1434 4241 1561 4319 partem
1577 4233 1766 4295 medietatis
1781 4232 1862 4295 dicti
1878 4232 1924 4295 dr.
1942 4231 1965 4295 f.

464 4330 499 4383 et
513 4321 646 4385 domina
661 4323 701 4385 de
718 4323 876 4406 Glynton,
894 4346 957 4410 que
973 4326 1135 4410 quondam
1151 4326 1215 4389 fuit
1235 4344 1314 4387 uxor
1337 4324 1473 4388 Henrici
1495 4320 1640 4399 Retford‚
1663 4320 1791 4398 militis,
1814 4324 1907 4397 tenet
1931 4320 1966 4381 in

464 4408 540 4471 dote
555 4411 690 4473 terciam
706 4418 832 4494 partem
848 4412 985 4475 alterius
1000 4413 1192 4477 medietatis
1207 4414 1253 4478 di.
1269 4412 1294 4478 f.

434 4576 437 4581 ·
508 4544 649 4608 Thomas
680 4546 811 4630 Elytas,
839 4547 1034 4630 capellanus,
1064 4553 1154 4612 tenet
1183 4548 1229 4613 di.
1261 4548 1284 4611 i.
1314 4548 1349 4609 in
1380 4548 1524 4622 Asnaus,
1554 4544 1774 4636 Baroonsnnr
1796 4547 1830 4607 at
1852 4542 1969 4621 Wsrs,

465 4632 627 4718 quondam
642 4633 799 4703 Willelmi
816 4634 856 4698 de
872 4636 992 4719 Blyton
1008 4638 1048 4700 de
1062 4636 1159 4699 feodo
1173 4634 1351 4699 Petronille
1367 4634 1406 4697 de
1421 4633 1533 4698 Crone.
1571 4716 1574 4725 Ι

507 4769 555 4833 De
569 4768 717 4854 pluribus
730 4771 832 4835 feodis
846 4772 931 4836 infra
945 4772 1224 4856 wappentaohium
1240 4773 1425 4856 predictum
1439 4772 1604 4854 ignorant.

508 4906 547 4970 In
562 4906 655 4991 cujus
669 4908 717 4971 rei
732 4908 959 4972 testimonium
973 4914 1037 4975 etc.

819 5173 1096 5263 [Wsarnuracsrs
1118 5177 1177 5266 un]
1207 5179 1318 5246 HILL
1341 5198 1382 5244 ar
1405 5174 1625 5246 GAYRTRE.

508 5335 686 5421 Inquisioio
714 5341 812 5422 capta
841 5359 949 5402 coram
972 5339 1121 5405 Johanne
1140 5340 1287 5424 Skynner
1311 5340 1351 5403 de
1376 5338 1545 5422 Bardenay
1569 5342 1603 5401 et
1633 5334 1759 5399 Thoma
1787 5329 1909 5431 Olerke·
1924 5332 1966 5394 de

464 5422 680 5507 Munkthorp,
702 5430 738 5487 et
760 5425 856 5487 sociis
878 5428 944 5489 suis
969 5434 1037 5506 (etc.
1059 5451 1095 5493 as
1118 5431 1244 5513 before),
1267 5427 1353 5509 apud
1375 5427 1574 5489 Hcrncastre
1601 5425 1655 5486 die
1672 5421 1805 5485 Sabbati
1820 5437 1967 5503 proximo

462 5516 538 5573 ante
576 5511 697 5573 festum
729 5511 840 5574 Sancti
877 5512 1024 5578 Barnabe
1053 5515 1200 5598 Apostoli
1236 5534 1323 5577 anno
1360 5515 1452 5597 regni
1489 5514 1575 5597 regis
1604 5509 1657 5595 vj‘¹
1685 5515 1747 5573 etc.
1778 5513 1879 5583 sexto,
1908 5525 1966 5588 per

462 5601 699 5661 sacramentum
713 5597 734 5661 J
736 5597 872 5663 ohannis
889 5600 1035 5665 Stretton
1051 5604 1092 5666 de
1108 5602 1266 5678 stretton,
1282 5600 1442 5664 willelmi
1459 5598 1669 5680 Baumburgh
1686 5597 1727 5658 de
1743 5593 1966 5674 Baumburgh,

460 5682 593 5746 Roherti
623 5684 740 5767 Smyth
770 5686 810 5749 de
839 5688 961 5766 eadem,
990 5689 1148 5757 Willelmi
1178 5689 1205 5751 F
1206 5694 1308 5752 orster
1338 5688 1378 5751 de
1402 5687 1586 5771 Scryvelby‚
1608 5683 1767 5747 Johannis
1788 5681 1896 5778 Zonge
1924 5678 1964 5778 de

462 5768 640 5856 Tatyshall,
669 5771 828 5837 Johannis
857 5773 973 5857 Smyth
1003 5776 1043 5839 de
1074 5777 1219 5859 Randby,
1241 5774 1400 5843 Willelmi
1423 5772 1562 5836 Adlarde
1585 5773 1626 5835 de
1655 5768 1812 5850 Golceby,
1834 5764 1965 5826 Ricardt

461 5856 661 5942 Wyllrynson
690 5860 730 5922 de
760 5860 955 5945 Beltysford,
984 5861 1142 5926 Johannis
1173 5862 1260 5925 Bron
1289 5862 1329 5924 de
1359 5861 1497 5942 Tumby,
1518 5859 1678 5921 Willelmi
1701 5852 1896 5918 Northcotes
1925 5850 1966 5913 de

463 5943 672 6030 Hemyngby,
688 5947 838 6030 Hugonis
861 5948 1011 6012 Femund
1032 5949 1074 6014 de
1093 5950 1328 6035 Wyspyngton,
1351 5946 1483 6010 Ricardi
1505 5943 1671 6027 Northorp
1693 5942 1734 6006 de
1758 5934 1966 6019 Sancsthorp,
