5000 7050
1119 1065 1202 1131 Au.
1228 1069 1323 1134 1428.
1903 1071 1967 1136 263

512 1345 693 1414 Willelmus
720 1351 925 1417 Barkevortb
948 1359 983 1417 et
1004 1353 1137 1419 heredes
1151 1357 1285 1420 Roberti
1312 1359 1511 1444 Elkyugton‚
1539 1363 1574 1422 et
1603 1362 1750 1423 tenentes
1772 1360 1822 1422 sui
1845 1363 1961 1422 tenent

468 1431 599 1497 divisim
611 1437 646 1499 iu
662 1436 854 1506 Smuvnsav
868 1441 913 1507 di.
930 1443 953 1506 f.
970 1448 1005 1506 et
1019 1443 1115 1524 viij¹¹m
1132 1451 1260 1527 partem
1274 1445 1298 1529 j.
1317 1446 1340 1510 f.
1357 1467 1401 1508 m.
1417 1448 1580 1530 quondam
1596 1446 1737 1510 Simonis
1752 1446 1792 1509 de
1808 1444 1964 1530 Clatborp

469 1524 505 1582 et
530 1522 667 1587 aliorum
691 1527 732 1589 de
746 1527 842 1590 feodo
857 1529 897 1592 de
913 1528 1148 1613 Bullyngbrok‚
1162 1532 1248 1596 unde
1262 1533 1359 1597 abbas
1374 1534 1413 1596 de
1429 1534 1573 1617 Revesby
1590 1539 1680 1599 tenet
1695 1533 1766 1615 viij.
1783 1539 1918 1617 partem,
1933 1538 1966 1599 et

469 1608 555 1689 prior
569 1609 750 1695 Hospitalis
765 1615 876 1679 Sancti
891 1615 1051 1681 Johannis
1066 1624 1156 1682 tenet
1172 1619 1260 1705 iiij-v
1278 1625 1404 1703 partem
1419 1621 1502 1684 dicti
1516 1623 1562 1687 di.
1579 1622 1603 1687 f.

514 1743 670 1811 Ricardns
695 1748 793 1834 Gray,
818 1751 969 1815 dominus
995 1754 1035 1816 de
1062 1753 1251 1840 Wylghtom
1277 1760 1369 1820 tenet
1394 1756 1575 1820 manerium
1592 1773 1688 1818 snum
1713 1753 1753 1816 de
1777 1752 1968 1820 Hnnrvrsusu

469 1850 526 1912 per
540 1834 710 1899 servicium
726 1838 771 1903 di.
788 1839 811 1904 f.
828 1860 872 1902 m.
888 1841 928 1903 de
943 1840 1074 1904 domino
1090 1863 1176 1928 rege.

514 1968 653 2034 Domina
678 1971 838 2056 Johauna,
863 1978 997 2041 ducessa
1026 1977 1095 2058 (sie)
1125 1964 1282 2058 Eboraci,
1296 1983 1386 2043 tenet
1402 1981 1437 2042 iu
1452 1978 1630 2046 annuuav
1645 1978 1688 2042 di.
1704 1978 1725 2042 f.
1745 1999 1788 2042 m.
1804 1979 1967 2062 quondam

470 2054 628 2119 Willelmi
643 2059 683 2122 de
698 2060 890 2147 Willnghby
904 2065 944 2127 de
959 2065 1052 2129 feodo
1068 2069 1211 2150 episcopi
1225 2067 1469 2181 Dnnplmensis.

514 2189 661 2257 Heredes
679 2195 832 2260 Willelmi
858 2199 1024 2283 Copuldelr
1051 2207 1166 2266 tenent
1188 2204 1223 2266 in
1247 2203 1452 2269 Haavrvuuon
1478 2209 1511 2265 et
1537 2203 1720 2270 Aswaansv
1739 2203 1816 2289 iijm
1841 2207 1967 2285 partem

465 2276 493 2360 j.
523 2276 546 2340 f.
577 2300 622 2345 m.
647 2282 688 2344 de
717 2284 811 2349 feodo
839 2288 880 2350 de
911 2289 1088 2371 Hastyngs,
1112 2291 1276 2374 quondam
1305 2290 1425 2375 Rogeri
1455 2289 1633 2374 Copuidek‚
1658 2296 1693 2353 et
1721 2291 1807 2376 quod
1837 2290 1969 2354 domina

470 2363 631 2515 golpauua,
647 2391 711 2453 que
725 2370 790 2435 fuit
806 2394 885 2438 uxor
910 2375 991 2438 dicti
1011 2376 1177 2456 willelmi,
1193 2382 1283 2442 tenet
1299 2377 1375 2463 iijv‘
1393 2381 1519 2462 partem
1538 2378 1626 2440 dicte
1642 2377 1694 2464 iije
1714 2389 1822 2461 partes
1836 2378 1969 2442 nomine

494 2472 513 2515 o
530 2475 547 2517 e
562 2475 629 2519 sue.

514 2589 678 2658 Johannes
700 2597 850 2682 Langton
867 2604 958 2663 tenet
973 2601 1008 2664 in
1025 2601 1182 2667 bandvon
1197 2603 1333 2664 terciam
1348 2606 1475 2686 partem
1485 2603 1513 2686 j.
1530 2601 1553 2668 f.
1571 2623 1613 2667 m.
1630 2601 1792 2684 quondam
1809 2601 1968 2666 Johannis

469 2677 509 2741 de
525 2679 675 2766 Laugtou
691 2685 730 2747 de
745 2684 847 2749 feodis
862 2689 991 2751 comitis
1006 2689 1046 2751 de
1061 2688 1296 2774 Bullyngbrok.

515 2818 655 2883 Domina
679 2820 840 2903 Johauna,
866 2826 998 2890 dncessa
1027 2825 1098 2912 (sic)
1122 2826 1258 2890 Eboraci
1285 2831 1375 2890 tenet
1400 2828 1434 2890 in
1451 2826 1629 2892 annurnv
1644 2827 1689 2891 di.
1706 2827 1728 2890 f.
1744 2845 1788 2892 m.
1806 2825 1969 2911 quondam

472 2903 493 2967 J
495 2905 628 2972 ohannis
643 2909 683 2972 de
699 2910 888 2997 Willughby
901 2914 942 2976 de
958 2914 1051 2978 feodo
1067 2915 1197 2978 comitis
1212 2915 1252 2978 de
1267 2915 1406 2980 Ferrers

517 3047 667 3125 lsabella,
681 3049 795 3112 relicta
820 3048 978 3115 Johannis
1004 3053 1045 3116 de
1071 3052 1258 3135 Themelby,
1275 3057 1366 3116 tenet
1386 3053 1437 3126 Idi.
1454 3053 1478 3120 f.
1495 3072 1538 3114 m.
1567 3049 1600 3111 in
1628 3049 1783 3116 Tauroni)
1807 3050 1848 3114 de
1875 3048 1971 3114 feodo

470 3135 613 3218 episcopi
628 3136 852 3216 Eboraceusis,
867 3140 1029 3223 quondam
1044 3141 1148 3205 Alicie
1163 3141 1204 3203 de
1220 3139 1469 3224 Benyngvv'orth.

516 3271 658 3336 Heredes
672 3272 797 3338 domini
812 3274 972 3340 lobannis
986 3277 1026 3340 de
1040 3277 1219 3362 Themylby
1235 3281 1348 3341 tenent
1363 3279 1398 3340 in
1426 3277 1580 3344 Turronn
1596 3275 1683 3361 iiij⁸¹¹¹
1697 3275 1862 3359 partemj.
1874 3271 1898 3341 f.
1925 3295 1969 3338 m.

473 3360 635 3444 qnondam
649 3361 737 3424 dicte
751 3361 855 3427 Alicie
871 3364 912 3427 de
928 3363 1165 3448 Benyngvvorth
1180 3366 1221 3428 de
1236 3366 1330 3428 feodo
1344 3367 1474 3428 comitis
1489 3365 1529 3427 de
1554 3363 1696 3441 Fortem,
1720 3363 1806 3426 unde
1829 3361 1973 3447 predicta

473 3446 621 3524 lsabella,
634 3447 749 3511 relicta
763 3449 843 3513 dicti
860 3450 880 3514 J
883 3449 1030 3533 ohannis,
1046 3458 1137 3515 tenet
1153 3453 1288 3516 terciam
1304 3454 1405 3537 partis
1420 3453 1506 3516 dicte
1521 3451 1596 3538 iiijte
1616 3452 1717 3536 partis
1732 3450 1865 3513 nomine
1886 3449 1973 3512 dotis

474 3556 542 3600 sue.

517 3672 664 3736 Heredes
692 3673 815 3740 Thome
844 3678 883 3740 de
912 3677 1063 3762 Endyrby
1093 3683 1205 3743 tenent
1236 3680 1271 3741 in
1304 3677 1478 3744 Souuassv
1501 3676 1637 3739 terciam
1666 3678 1791 3757 partem
1811 3674 1839 3757 j.
1870 3674 1895 3737 f.
1925 3694 1971 3738 m.

474 3768 609 3843 excepta
624 3762 730 3848 xxiiij·
747 3769 838 3846 parte
853 3766 1015 3849 quondam
1031 3764 1189 3829 Johannis
1205 3762 1344 3847 Sleyght
1358 3767 1398 3827 de
1421 3764 1514 3828 ieodo
1531 3764 1570 3825 de
1593 3782 1678 3846 rege,
1700 3760 1787 3825 uude
1813 3758 1974 3837 Johanna,

472 3848 688 4002 blillstbulicti
712 3851 836 3914 Thome
860 3853 901 3915 de
923 3852 1089 3937 Eudyrby,
1110 3857 1202 3918 tenet
1224 3854 1301 3939 iijrv
1323 3856 1451 3936 partem
1475 3851 1564 3914 dicte
1584 3850 1685 3913 tercie
1709 3849 1809 3931 partis
1839 3847 1970 3911 nomine

516 4072 655 4138 Feoffati
670 4078 830 4140 terrarum
846 4081 882 4140 et
895 4080 1157 4141 tenementorum
1172 4078 1254 4141 dicti
1268 4076 1391 4140 Thome
1407 4078 1447 4139 de
1468 4074 1621 4160 Endyrby
1638 4077 1754 4138 tenent
1777 4076 1811 4135 in
1828 4074 1970 4152 Asnam,

472 4162 879 4316 {rggsplusseffimllpeuronn
902 4164 990 4251 iiij⁸¹¹¹
1008 4171 1132 4250 partem
1150 4165 1176 4250 j.
1192 4165 1216 4231 f.
1233 4187 1278 4231 m.
1303 4164 1465 4251 quondam
1488 4162 1647 4227 Johaunis
1669 4160 1731 4225 filii
1749 4160 1905 4225 Willelmi
1932 4160 1973 4224 de

515 4386 680 4451 Johannes
694 4386 846 4474 Kyghley
861 4390 901 4453 de
918 4389 1092 4474 Salmanby
1106 4396 1199 4454 tenet
1213 4392 1248 4453 in
1266 4391 1451 4467 omnivm,
1482 4388 1685 4465 Sonavrnun,
1708 4391 1743 4449 et
1765 4385 1969 4457 Heumann-

474 4492 543 4539 uau
559 4474 648 4560 iiijm
668 4482 793 4558 partem
804 4476 832 4561 j
849 4477 871 4543 f.
888 4499 933 4544 m.
951 4478 999 4564 iij.
1016 4484 1134 4562 partes,
1160 4482 1195 4541 et
1217 4478 1287 4562 viij.
1315 4482 1440 4560 partem
1464 4476 1629 4561 quondam
1652 4472 1812 4538 Johannis
1835 4473 1973 4536 Bouhnn

473 4567 508 4625 et
537 4560 682 4647 Philippi
712 4562 864 4648 Chauncy
893 4566 934 4628 de
962 4566 1057 4629 feodo
1086 4567 1252 4629 'comitisse
1283 4563 1322 4627 de
1353 4560 1607 4646 Bullyugbrolre‚
1638 4562 1724 4625 unde
1752 4562 1787 4623 in
1824 4559 1975 4623 manibus

473 4648 605 4712 Ricardi
629 4651 773 4735 Deryng,
801 4650 959 4715 Willelmi
985 4652 1156 4735 horthorp,
1186 4652 1342 4714 Willelmi
1370 4651 1552 4733 Aungefyn,
1590 4649 1776 4711 teueucium
1814 4653 1973 4710 terrarum

474 4736 635 4819 qnondam
650 4737 783 4801 Roberti
798 4739 917 4802 'loures
932 4746 966 4802 et
981 4740 1119 4804 aliorum
1135 4740 1277 4817 divisim,
1291 4738 1324 4822 ij.
1337 4730 1449 4821 'partes
1464 4736 1682 4820 predictarum
1707 4734 1756 4818 iij.
1773 4736 1917 4818 partium
1939 4741 1974 4797 st

475 4823 547 4907 viij*
567 4845 651 4908 pars,
666 4830 719 4889 set
734 4825 820 4911 quod
834 4827 1003 4908 ignoratur
1017 4847 1074 4910 pro
1090 4831 1212 4913 quanto
1227 4826 1364 4912 quilibet
1379 4844 1489 4888 eornm
1505 4828 1598 4887 tenet
1613 4844 1669 4907 per
1684 4842 1726 4887 se.

517 4962 566 5028 De
602 4962 749 5046 pluribus
786 4963 888 5026 feodis
924 4964 958 5027 in
998 4963 1251 5048 vappentaohiis
1300 4962 1456 5046 predictis
1493 4948 1687 5045 ignorant*
1724 4959 1763 5022 In
1800 4959 1893 5042 cnjus
1929 4959 1977 5022 rei

474 5050 701 5113 testimouium
716 5054 779 5115 etc.

516 5187 675 5253 Dominus
691 5186 732 5249 de
751 5186 949 5274 Willnghby‚
961 5187 1113 5252 dominns
1128 5189 1168 5252 de
1185 5187 1365 5264 Gromwell,
1380 5187 1477 5249 abbas
1491 5185 1532 5248 de
1550 5183 1753 5263 Kirkestede‚
1774 5188 1807 5247 et
1822 5182 1974 5265 priorissa

474 5273 515 5336 de
538 5273 706 5358 Staynfeld
729 5278 842 5338 teuent
863 5275 994 5338 divisim
1020 5276 1055 5338 in
1078 5276 1219 5343 Maauorv
1235 5280 1270 5338 et
1285 5274 1363 5339 alibi
1386 5271 1445 5360 [di.
1462 5273 1486 5338 t.
1504 5270 1565 5359 ιιι]
1588 5272 1750 5357 quondam
1766 5269 1924 5334 lobannis
1935 5270 1976 5332 de

472 5360 776 5532 lgppypeeltgplrpparlipse
790 5363 831 5424 de
847 5360 1017 5445 Stayufeld
1034 5363 1075 5427 de
1089 5364 1184 5428 teudo
1198 5363 1239 5427 de
1254 5361 1434 5445 Tatyshall,
1449 5366 1497 5423 set
1512 5381 1570 5445 pro
1585 5362 1707 5445 quanto
1722 5363 1818 5421 tenet
1834 5354 1974 5441 quilibet

838 5662 1198 5752 [wascanorum]
1228 5664 1391 5731 LAURIS
1415 5684 1455 5729 ιιι
1477 5638 1620 5728 lVELL.

518 5825 695 5910 Inquisicio
723 5830 818 5907 capta
846 5846 953 5891 coram
982 5828 1124 5893 Roberto
1149 5826 1303 5891 Grenake
1329 5830 1364 5889 et
1391 5823 1485 5887 sociis
1509 5823 1587 5900 suis,
1603 5818 1885 5883 commissionariis
1912 5822 1974 5881 etc.

479 5918 525 5989 (os
555 5914 668 5997 before)
700 5913 784 5994 apud
817 5914 1021 5978 lincolniam
1051 5916 1105 5977 die
1136 5914 1227 5977 Luue
1259 5914 1404 5996 proximo
1434 5913 1507 5993 post
1535 5910 1657 5973 festum
1687 5904 1800 5967 Sancti
1830 5902 1976 5968 Barnabe
