5000 7050
1114 1100 1195 1164 al).
1220 1103 1317 1165 1346.
1897 1104 1960 1167 503

507 1382 612 1445 Abbas
634 1383 674 1447 de
697 1384 839 1469 Langele
862 1392 951 1450 tenet
974 1389 1009 1450 in
1032 1390 1247 1455 Harmonia
1270 1393 1294 1476 j.
1318 1392 1341 1455 s.
1366 1412 1411 1455 m.
1435 1393 1475 1455 de
1497 1392 1602 1453 Maria
1632 1391 1672 1453 de
1703 1391 1821 1453 Sancto
1845 1390 1957 1468 Paulo,

463 1470 629 1532 comitissa
649 1471 691 1533 de
713 1470 891 1552 Penebrolr,
914 1480 947 1539 et
970 1475 1084 1539 eadem
1106 1476 1210 1541 Maria
1231 1479 1273 1541 de
1296 1475 1467 1543 heredibus
1489 1477 1627 1542 Roberti
1649 1478 1690 1542 de
1711 1476 1895 1555 Tateshale,
1926 1482 1962 1540 et

463 1554 563 1619 iidem
593 1554 727 1621 heredes
756 1558 797 1623 de
828 1558 946 1625 honore
978 1562 1020 1625 de
1053 1562 1156 1644 Clare,
1181 1565 1267 1628 unde
1290 1565 1469 1628 Willelmus
1491 1565 1533 1628 de
1556 1562 1718 1649 Rokhagh
1740 1569 1835 1628 tenet
1857 1584 1960 1627 unum

463 1644 661 1724 quarterium
674 1644 764 1709 illius
777 1645 876 1725 feodi,
890 1649 977 1732 quod
993 1648 1087 1714 Oliva
1101 1651 1141 1716 de
1156 1650 1318 1736 Rokhagh
1333 1657 1369 1717 et
1382 1657 1532 1717 tenentes
1555 1651 1697 1716 Simonis
1718 1651 1759 1714 de
1781 1649 1961 1735 Blaveueye

463 1730 626 1812 quondam
640 1736 816 1796 tennerunt
872 1775 1792 1791 ----------
1881 1737 1959 1803 xla.

506 1864 646 1931 Thomas
660 1869 701 1933 de
716 1870 795 1954 Agis
809 1874 900 1935 tenet
913 1891 1016 1935 unum
1031 1875 1234 1957 quarterium
1248 1874 1272 1938 f.
1288 1894 1332 1939 m.
1348 1874 1382 1937 in
1399 1875 1632 1951 Rrvuurousrr,
1650 1872 1736 1956 quod
1759 1870 1898 1936 Jacobus
1920 1872 1961 1935 de

463 1954 551 2037 Agys
565 1956 728 2037 quondam
744 1960 864 2036 tenuit,
879 1960 920 2023 de
935 1958 1087 2024 Johanne
1101 1960 1244 2039 Barduli,
1259 1965 1294 2025 et
1307 1961 1396 2025 idem
1411 1960 1430 2024 J
1433 1960 1575 2025 ohannes
1590 1961 1632 2023 de
1647 1980 1722 2046 rege
1795 2000 1805 2009 -
1894 1980 1959 2025 ιε.

505 2090 682 2156 Nicholaus
702 2094 741 2158 de
763 2094 903 2160 castello
924 2101 1017 2161 tenet
1038 2098 1073 2160 in
1096 2098 1319 2164 Ravauronau
1341 2118 1416 2161 cum
1438 2097 1626 2163 tenentibus
1661 2098 1727 2161 suis
1757 2096 1782 2182 j.
1807 2096 1829 2161 i.
1852 2117 1896 2161 m.
1920 2096 1960 2159 de

462 2177 609 2243 Johanne
624 2179 692 2243 filio
707 2181 854 2263 Walteri,
869 2188 901 2247 et
916 2184 1005 2248 idem
1020 2184 1184 2250 lohannes
1199 2186 1241 2249 de
1257 2205 1332 2271 rege
1376 2224 1792 2237 -----
1881 2183 1959 2249 xl.s.

509 2315 602 2380 Idem
625 2316 801 2383 Nicholaus
823 2325 916 2383 tenet
937 2321 982 2386 di.
1005 2323 1029 2385 f.
1050 2341 1095 2385 m.
1118 2323 1153 2385 in
1175 2324 1427 2389 Ravaurrronars
1449 2321 1491 2385 de
1513 2319 1664 2385 Johanne
1686 2321 1726 2385 de
1748 2320 1911 2399 Neruico,
1927 2324 1962 2383 et

462 2402 550 2465 idem
572 2402 737 2470 Johannes
759 2407 801 2470 de
823 2407 1038 2473 Constantino
1051 2409 1093 2473 de
1107 2408 1238 2473 Mortuo
1260 2411 1355 2490 Mari,
1372 2414 1407 2474 et
1429 2410 1518 2474 idem
1541 2408 1774 2473 Constantinus
1787 2407 1826 2470 de
1841 2408 1961 2470 comite

465 2491 647 2571 Warennie,
663 2495 697 2556 et
711 2514 818 2557 comes
832 2496 873 2558 de
887 2516 964 2580 rege
1064 2535 1784 2548 --------
1873 2516 1958 2560 xus.

506 2626 612 2691 Abhes
643 2628 684 2692 de
718 2628 859 2716 Langele
881 2632 1049 2715 predictus
1071 2636 1165 2696 tenet
1181 2632 1209 2716 j.
1232 2635 1256 2698 i.
1280 2653 1325 2698 m.
1350 2633 1385 2695 in
1405 2634 1565 2699 Karnasa
1587 2638 1622 2696 et
1645 2634 1897 2699 Rrrnuruaaarr
1919 2632 1960 2695 de

463 2712 612 2780 Johanne
627 2714 695 2779 filio
711 2716 857 2798 Waltcri,
872 2724 905 2783 et
920 2720 1010 2784 idem
1024 2720 1064 2783 de
1079 2740 1155 2805 rege
1171 2759 1791 2773 -------
1881 2718 1958 2785 xla.

507 2867 671 2931 lohannes
702 2869 742 2932 de
774 2868 911 2955 Segrave
944 2875 1036 2934 tenet
1062 2891 1138 2934 cum
1160 2870 1350 2934 tenentibus
1374 2871 1440 2932 suis
1463 2869 1499 2955 ij.
1522 2869 1545 2933 f.
1571 2874 1603 2933 et
1627 2870 1812 2933 vicesimam
1835 2875 1960 2951 partem

463 2953 487 3039 j.
502 2952 526 3021 f.
544 2974 586 3019 m.
602 2954 638 3018 in
662 2956 790 3035 Locren,
812 2960 897 3041 quod
918 2957 1081 3021 Johannes
1103 2957 1285 3021 Dunheved
1309 2964 1343 3020 et
1375 2956 1514 3021 Isahella
1547 2956 1588 3019 de
1621 2956 1764 3041 Langele
1796 2955 1959 3038 quondam

463 3041 703 3212 pieenpesegpntde
726 3042 877 3181 Jphaune
902 3046 1113 3183 de-Segrave,
1129 3049 1167 3182 et
1177 3046 1269 3182 idem
1283 3047 1322 3108 de
1337 3046 1455 3180 comite
1462 3043 1675 3181 ‘Mmfflh
1686 3051 1720 3108 et
1743 3044 1961 3216 iqieirjnlicqprqs

507 3262 672 3330 Johanues
695 3265 803 3353 Bigot,
828 3267 961 3333 heredes
984 3269 1150 3333 Edmnndi
1173 3268 1278 3334 Gavel
1301 3274 1336 3333 et
1357 3267 1520 3333 Johannes
1547 3268 1589 3332 de
1611 3266 1749 3348 Thweit,
1773 3269 1960 3353 capellanus

464 3357 578 3417 tenent
594 3352 623 3437 j.
647 3351 671 3418 i.
696 3374 741 3419 m.
765 3356 801 3419 in
830 3356 990 3435 Sroarou,
1017 3357 1176 3423 Kmraar
1203 3361 1236 3420 et
1263 3357 1474 3435 (inaurem,
1499 3356 1585 3441 quod
1607 3356 1772 3439 quondam
1795 3355 1962 3420 Johannes

465 3439 582 3526 Bygoh
604 3440 766 3505 walterus
790 3443 832 3506 dc
858 3442 954 3523 Caan,
984 3443 1128 3530 Rogerus
1150 3444 1192 3507 de
1214 3442 1351 3528 Thweyt
1375 3444 1537 3529 quondam
1562 3447 1749 3521 tenuerunt,
1773 3443 1813 3505 de
1843 3442 1961 3507 abbate

463 3526 576 3593 Sancti
589 3528 766 3610 Edmundi‚
780 3535 813 3595 et
828 3530 926 3594 abbas
938 3531 978 3595 de
992 3551 1070 3616 rege
1174 3571 1791 3583 -------
1880 3532 1959 3599 xl.s.

506 3664 670 3730 Johannes
684 3668 725 3730 de
739 3668 840 3732 Hales
855 3673 948 3733 tenet
962 3669 997 3731 in
1013 3669 1148 3732 servicio
1157 3669 1186 3752 j.
1201 3671 1225 3734 i.
1241 3690 1286 3734 m.
1302 3671 1337 3732 in
1353 3669 1469 3735 Haaas
1488 3671 1524 3731 et
1544 3668 1705 3734 liranus
1720 3667 1806 3753 quod
1827 3665 1961 3732 heredes

463 3751 582 3836 Rogeri
593 3753 707 3834 Frede,
718 3755 880 3820 Henricus
893 3756 934 3819 de
945 3756 1047 3820 Hales
1061 3757 1166 3821 etalii
1180 3762 1330 3821 tenentes
1344 3755 1505 3840 quondam
1521 3759 1696 3819 tenuerunt
1711 3755 1752 3818 de
1764 3755 1907 3818 Henrico
1918 3755 1960 3819 de

464 3838 574 3920 Hales,
590 3845 625 3905 et
639 3840 784 3925 Rogatus
801 3845 870 3923 (sic)
886 3844 927 3907 de
942 3841 1091 3908 Johanne
1105 3843 1174 3907 filio
1189 3842 1337 3922 walteri,
1353 3847 1388 3908 et
1401 3841 1490 3906 idem
1505 3842 1545 3906 de
1559 3861 1634 3927 rege
1679 3882 1689 3892 -
1780 3878 1791 3894 ·
1879 3842 1958 3908 nhc.

506 3990 646 4055 Matillis
667 3990 827 4076 Banyard,
851 3993 1028 4058 Edwardus
1051 3993 1228 4078 Gerbergh‚
1263 3993 1350 4077 prior
1382 3993 1422 4057 de
1453 3989 1623 4077 llihelyng
1654 3995 1689 4054 et
1720 3991 1779 4055 alii
1809 3996 1962 4055 tenentes

463 4084 577 4143 tenent
606 4079 641 4142 in
674 4080 850 4161 Qunrroan
880 4080 916 4168 ij
932 4082 954 4147 f.
970 4103 1015 4146 m.
1039 4083 1080 4146 de
1101 4079 1250 4146 Johanne
1272 4079 1342 4144 filio
1363 4078 1510 4158 Walteri,
1535 4085 1571 4142 et
1592 4078 1681 4142 idem
1702 4079 1744 4142 de
1765 4098 1851 4163 rege,
1874 4079 1961 4143 unde

462 4165 628 4249 predictus
649 4166 825 4231 Edwardus
847 4172 939 4232 tenet
962 4174 1088 4234 sextam
1110 4174 1238 4253 partem
1260 4167 1285 4254 j.
1301 4166 1325 4231 f.
1341 4171 1378 4230 et
1391 4167 1479 4250 prior
1501 4165 1543 4229 de
1566 4165 1742 4251 Helrelyng
1756 4176 1815 4229 1⁸⁰¹
1833 4171 1961 4249 partem

462 4254 486 4338 j.
501 4252 525 4320 i.
541 4274 586 4316 m.
598 4255 684 4338 quod
701 4253 861 4319 Robertus
876 4255 1025 4340 Bauyard
1040 4261 1074 4320 et
1088 4256 1110 4320 J
1111 4257 1238 4320 ohanna
1251 4260 1357 4320 mater
1370 4254 1442 4340 ejus
1457 4254 1623 4336 quondam
1637 4255 1825 4331 tenuerunt,
1857 4255 1960 4339 rupti.

505 4401 598 4464 Prior
623 4401 735 4466 Sancti
761 4402 865 4484 Olavi,
882 4402 1015 4470 heredes
1040 4406 1173 4471 Roberti
1200 4405 1240 4470 de
1264 4403 1473 4489 Gylyngham
1497 4407 1531 4465 et
1555 4401 1612 4465 alii
1637 4405 1781 4466 tenenus
1796 4405 1908 4466 tenent
1923 4403 1958 4465 in

462 4489 611 4555 Hsmsoo
626 4489 740 4557 'l'noar
763 4511 865 4555 unum
881 4493 1081 4578 quartarium
1097 4493 1120 4558 f.
1137 4512 1181 4558 m.
1196 4493 1283 4556 unde
1298 4490 1462 4574 predictus
1477 4489 1563 4573 prior
1577 4493 1670 4553 tenet
1684 4490 1818 4552 terciam
1834 4493 1959 4572 partem

459 4577 601 4660 predicti
626 4579 793 4660 quarterii,
818 4579 904 4662 quod
929 4579 1090 4643 Robertns
1113 4581 1155 4644 de
1179 4577 1401 4664 Gylyngham‚
1427 4583 1461 4641 et
1484 4577 1571 4660 prior
1596 4574 1709 4640 Sancti
1736 4575 1829 4641 Olari
1853 4575 1960 4639 etalii

459 4668 606 4815 gerentes
620 4664 785 4749 quondam
800 4671 988 4746 tenuerunt,
1003 4666 1044 4731 de
1059 4665 1242 4745 heredibus,
1259 4665 1392 4729 Roberti
1407 4666 1446 4729 de
1461 4661 1643 4744 Tateshule‚
1660 4667 1695 4728 et
1710 4663 1812 4726 iidem
1827 4663 1961 4728 heredes

484 4771 502 4814 Θ
517 4771 592 4836 rege
678 4790 1805 4804 ............
1894 4771 1959 4818 χοε.

502 4886 685 4971 Stephanus
699 4888 739 4952 dc
754 4887 912 4968 Oatefeld,
930 4889 1115 4954 Willelmus
1129 4889 1169 4953 de
1194 4887 1377 4972 'l'horpdele
1401 4893 1435 4950 ct
1459 4886 1517 4949 alii
1543 4891 1693 4950 tenentes
1716 4891 1831 4950 tenent
1856 4906 1959 4950 unum

458 4976 660 5060 quarterium
689 4973 713 5040 f.
740 4997 784 5040 m.
814 4980 848 5038 in
879 4976 1029 5043 Haursco
1059 4976 1184 5054 Tricas,
1210 4977 1298 5059 quod
1324 4973 1499 5038 Nicholaus
1528 4974 1557 5036 le
1587 4971 1719 5036 Pottere
1750 4979 1784 5037 ct
1809 4978 1958 5038 tenentes

458 5060 619 5126 Johannis
633 5062 675 5128 de
689 5061 871 5145 Thorpdele
886 5064 1050 5148 quondam
1065 5070 1253 5141 tenuerunt,
1270 5063 1309 5126 de
1325 5064 1429 5145 priore
1453 5057 1683 5124 monachorum
1707 5060 1899 5139 Theffordie‚
1926 5069 1960 5126 et

459 5150 547 5233 prior
560 5150 601 5213 dc
616 5148 786 5213 heredibus
800 5149 935 5213 Roberti
952 5151 1045 5235 Grys,
1061 5155 1097 5214 et
1111 5151 1211 5215 iidem
1226 5149 1361 5214 heredes
1375 5149 1416 5213 de
1432 5146 1548 5212 herede
1563 5145 1688 5211 Thome
1703 5147 1744 5210 de
1759 5147 1791 5210 N
1793 5147 1909 5228 eriord‚
1925 5151 1960 5212 et

461 5237 549 5300 idem
563 5236 605 5300 de
620 5255 695 5321 rege
779 5273 1805 5288 -----------
1894 5255 1961 5302 ms.

503 5371 666 5438 Johannes
681 5370 789 5457 Bygot
801 5378 893 5437 tenet
908 5374 1097 5439 vicesimam
1112 5380 1240 5459 partem
1255 5375 1280 5460 j.
1296 5375 1320 5439 i.
1335 5395 1380 5440 m.
1397 5374 1433 5436 in
1452 5373 1600 5440 Sromou
1626 5371 1668 5434 de
1692 5370 1809 5434 herede
1831 5372 1961 5434 comitis

461 5461 654 5541 Marescalli,
670 5464 706 5525 et
720 5460 808 5525 idem
824 5459 916 5526 heres
931 5461 971 5525 de
984 5481 1059 5546 rege
1073 5497 1800 5513 --------
1887 5459 1959 5544 ijs.

504 5594 671 5662 Johannes
685 5597 726 5660 de
742 5598 851 5677 Hales,
868 5595 1008 5662 Thomas
1023 5597 1064 5661 de
1080 5596 1198 5681 Bergh‚
1213 5597 1312 5660 abbas
1328 5596 1367 5660 de
1383 5594 1538 5680 Langele,
1558 5592 1739 5657 Willelmus
1754 5594 1794 5658 de
1816 5593 1849 5657 la
1870 5595 1962 5673 Pole,

459 5684 595 5749 heredes
609 5684 776 5769 Radulphi
790 5685 831 5748 de
843 5685 955 5762 Hales,
965 5683 1312 5748 Willelmuchmouu
1327 5689 1363 5747 et
1377 5682 1435 5746 alii
1451 5687 1598 5746 tenentes
1612 5681 1648 5742 in
1663 5681 1778 5747 Hanns
1794 5687 1829 5745 et
1843 5682 1960 5748 Louna

458 5775 573 5836 tenent
594 5771 771 5837 dimidium
794 5772 994 5854 quarterium
1018 5771 1043 5838 f.
1060 5793 1104 5837 m.
1130 5771 1171 5835 de
1198 5770 1339 5835 Roberto
1360 5770 1400 5834 de
1424 5767 1570 5833 Benhale
1585 5773 1619 5832 et
1634 5767 1703 5831 Era
1717 5789 1813 5832 uxore
1828 5769 1910 5852 ejus,
1925 5775 1961 5834 et

458 5859 560 5924 iidem
576 5858 737 5924 Robertus
752 5862 786 5921 et
801 5858 870 5921 Eva
884 5859 924 5923 de
939 5856 1089 5923 Johanne
1104 5857 1249 5936 Bardoli,
1258 5862 1293 5921 et
1307 5857 1395 5922 idem
1411 5857 1431 5920 J
1433 5855 1574 5921 ohannes
1590 5855 1631 5920 de
1645 5856 1796 5940 episcopo
1811 5855 1961 5937 Norwici,

461 5951 498 6012 et
511 5947 680 6030 episcopua
695 5946 736 6009 ds
749 5964 835 6030 rege,
849 5945 935 6029 quod
951 5943 1114 6011 Robertus
1128 5945 1282 6011 Vemoun
1298 5943 1460 6030 quondam
1474 5943 1584 6008 tenuit
1695 5979 1705 5994 ·
1797 5981 1807 5994 -
1895 5963 1961 6012 ur.
