5000 7050
1204 1027 1426 1098 NORFOLK.

1049 1321 1245 1386 Decrurroe
1269 1341 1312 1385 nn
1337 1320 1572 1387 BRUNHAM.

606 1478 784 1562 Inquieicio
820 1486 917 1565 capta
944 1481 1033 1564 apud
1064 1481 1230 1546 Brnnbam
1260 1482 1316 1545 die
1345 1480 1480 1546 Veneria
1509 1484 1657 1567 proxima
1685 1484 1763 1546 ante
1793 1483 1916 1545 festum
1948 1481 2068 1550 Sancti

560 1564 707 1631 Barnabe
721 1568 859 1650 apostoli
875 1589 961 1633 anno
983 1571 1076 1654 regui
1099 1569 1199 1654 Regia
1225 1569 1363 1634 Henrici
1390 1575 1483 1634 sexta
1508 1575 1583 1654 poet
1605 1575 1817 1654 conquestum
1843 1575 1932 1632 sexto
1955 1589 2069 1632 coram

560 1652 714 1718 Nicholae
729 1656 862 1735 castell,
879 1655 1024 1719 Henrico
1041 1656 1188 1740 Walpool
1203 1662 1238 1721 et
1253 1658 1348 1720 sociis
1363 1658 1430 1720 auis
1446 1657 1674 1722 collectoribus
1689 1655 1748 1722 dec.
1768 1661 1816 1736 (aa
1831 1658 1959 1739 besore).

573 1844 749 1996 {ll-nuth
763 1844 916 1930 parochia
929 1847 1110 1930 subscripta
1134 1847 1219 1910 infra
1241 1847 1439 1911 decanatum
1463 1845 1503 1910 de
1531 1844 1696 1910 Brunham
1722 1847 1900 1910 comitatur
1920 1845 2068 1929 predicti

560 1953 593 1996 vr
615 1953 695 1997 erce
712 1982 722 1998 .

602 2070 644 2135 In
657 2072 819 2156 parochiis
833 2073 875 2135 de

778 2209 946 2273 Brunham
964 2208 1085 2276 Sul-ton
1101 2208 1242 2276 Alberti.

776 2296 943 2360 Brunbam
958 2296 1098 2361 Andree.

776 2383 942 2448 Brunbam
957 2383 1135 2448 Edmundi.

778 2473 947 2538 Tateroete
962 2471 1102 2535 Andree.

776 2557 961 2624 Beromere.

776 2643 972 2729 Penetborp.

777 2732 1023 2798 Fulmerdeston
1038 2737 1072 2796 et
1088 2731 1243 2800 Groxton.

864 2874 941 2934 aaut
955 2869 1069 2934 decem
1082 2867 1309 2934 inhabitantes
1323 2867 1490 2952 domicilia
1500 2839 1666 2934 tenentes.

1059 3184 1257 3250 Dncrnrrus
1282 3207 1324 3250 nn
1349 3185 1553 3253 HOCHAM.

602 3350 780 3434 lnquieicio
794 3358 890 3434 capta
904 3349 991 3434 apud
1006 3348 1153 3413 Hocbam
1165 3349 1219 3414 die
1234 3349 1392 3414 Mercurii
1407 3350 1554 3434 proxima
1564 3355 1639 3412 ante
1649 3347 1770 3412 festum
1783 3347 1900 3414 Sancte
1911 3345 2065 3413 Barnabe

555 3438 691 3522 apostoli
714 3457 798 3500 anno
820 3439 915 3522 regni
940 3438 1027 3522 regie
1050 3438 1186 3501 Henrici
1212 3437 1295 3501 sexti
1319 3443 1392 3522 poet
1415 3441 1627 3520 conquestum
1653 3440 1742 3499 aexto
1766 3455 1872 3498 coram
1902 3432 2063 3500 Nicholaa

556 3526 687 3607 castell,
703 3526 843 3591 Heurioi
858 3523 1007 3623 Walpool
1021 3531 1056 3590 et
1070 3526 1165 3590 ecoiie
1179 3526 1246 3590 ruia
1261 3524 1483 3591 collectoribus
1498 3522 1556 3591 dcc.
1567 3523 1621 3610 (cr
1635 3526 1761 3609 before).

575 3715 647 3868 'dhl
660 3714 751 3865 uplla
775 3712 928 3800 parocbia
952 3714 1133 3798 subscripta
1158 3714 1243 3778 infra
1265 3714 1456 3779 decanatum
1480 3714 1521 3777 de
1547 3714 1694 3777 Hocham
1720 3714 1894 3777 comitatus
1917 3712 2060 3794 predicti

552 3825 585 3867 vr
607 3824 687 3868 erce
707 3853 716 3869 .

597 3940 640 4004 In
654 3940 813 4024 parochiis
828 3939 869 4003 de

769 4078 956 4164 Ryngetede
970 4078 1085 4142 Parva.

768 4164 905 4229 Theeele
923 4168 985 4244 (ie.
1000 4161 1160 4243 Choeele).

770 4252 935 4317 Sutbmer.

769 4338 941 4405 Newthon.

854 4482 934 4541 eunt
947 4476 1058 4541 decem
1073 4474 1294 4553 inhabitantes
1308 4474 1475 4539 domicilia
1489 4478 1649 4541 tenentes.
1693 4472 1733 4538 In
1748 4473 1841 4558 cujus
1855 4469 1913 4540 doc.

994 4822 1189 4887 Duorurrus
1211 4842 1256 4885 nn
1279 4818 1610 4888 WALSYNGHAM.

593 4986 773 5073 Inquieicio
801 4989 897 5070 capta
925 4982 1014 5069 apud
1043 4982 1267 5068 Waleingham
1295 4982 1349 5047 die
1378 4983 1470 5047 Jovie
1498 4984 1645 5067 proximo
1675 4986 1750 5067 port
1786 4983 1907 5047 festum
1938 4981 2055 5047 Sancti

549 5074 696 5138 Barnabe
719 5072 857 5157 apostoli
879 5092 965 5136 anno
987 5072 1081 5156 regni
1103 5071 1191 5155 regie
1215 5069 1349 5134 Henrici
1375 5071 1459 5135 serti
1482 5076 1557 5154 poet
1587 5074 1799 5154 conquestum
1828 5076 1918 5133 sexto
1943 5090 2055 5132 coram

547 5160 706 5227 Nicholao
720 5160 858 5225 Waetell
875 5161 958 5239 (eie),
973 5158 1115 5222 Henrioo
1129 5156 1277 5243 Welpool
1292 5164 1325 5221 et
1340 5158 1435 5221 eociia
1450 5158 1517 5221 suia
1531 5156 1758 5222 collectoribus
1773 5155 1831 5223 deo.
1850 5158 1899 5237 (ee
1922 5157 2054 5239 before).

572 5350 739 5502 'dinunutlle
752 5347 904 5433 parochia
918 5346 1098 5430 subscripta
1112 5345 1200 5410 infre
1213 5346 1409 5410 decanatum
1423 5346 1462 5410 de
1477 5345 1703 5430 Waleingbam
1718 5346 1893 5409 comitatur
1908 5345 2052 5429 predicti

549 5459 582 5501 vr
604 5459 622 5502 e
649 5458 711 5501 ce·
1205 5478 1208 5484 ,

590 5575 632 5640 In
646 5570 808 5659 parochiis
821 5573 864 5637 de

765 5686 940 5769 Hegmere.

766 5771 918 5847 Qwarlee.

851 5911 926 5971 eunt
941 5905 1054 5969 decem
1068 5902 1290 5972 inhabitantes
1305 5905 1470 5970 domicilia
1485 5912 1643 5975 tenentes.
1691 5907 1732 5973 In
1747 5906 1840 5995 cnjus
1854 5904 1912 5970 dcc.
