5000 7050
1139 1117 1224 1185 al).
1246 1120 1343 1186 1428.
1923 1119 1987 1185 255

489 1491 512 1555 d
532 1403 647 1556 (poppe
654 1405 864 1558 dSuthfolohie
877 1411 971 1473 tenet
985 1410 1020 1476 in
1035 1409 1220 1477 Boratinon
1234 1408 1259 1496 j
1276 1409 1300 1475 f.
1317 1429 1361 1475 m.
1378 1409 1541 1495 quondam
1556 1409 1682 1479 Warini
1697 1409 1737 1474 de
1759 1407 1985 1495 Bassyngbum

512 1512 529 1557 e
558 1513 576 1556 e
620 1515 640 1557 o
677 1516 695 1558 e
711 1516 798 1580 rege.

532 1630 640 1696 Hamo
666 1633 786 1697 Sutton
810 1620 913 1698 tenet'
926 1636 963 1698 in
989 1635 1127 1704 Oonnns
1141 1635 1231 1723 iiijm
1251 1642 1377 1720 partem
1399 1636 1429 1720 j.
1443 1637 1467 1702 f.
1484 1655 1529 1702 m.
1554 1635 1717 1720 quondam
1741 1635 1900 1699 Johannis
1925 1633 1987 1700 filii

490 1719 650 1784 WIllelmi
665 1722 706 1784 de
720 1721 815 1785 feodo
830 1722 870 1786 de
884 1741 972 1806 rege.

533 1859 719 1924 Willelmua
733 1861 898 1945 Tyrwhyt,
914 1859 1069 1941 chiraler,
1084 1868 1173 1926 tenet
1189 1864 1234 1930 di.
1251 1863 1275 1929 f.
1293 1884 1337 1928 m.
1353 1863 1388 1925 in
1405 1862 1546 1942 Passer,
1562 1863 1601 1926 de
1616 1883 1680 1946 quo
1694 1863 1856 1947 ignorant.

535 1999 584 2064 De
599 1998 746 2082 pluribus
761 1999 864 2063 feodis
878 1999 965 2063 infra
978 2000 1259 2084 wappentachium
1274 2002 1456 2086 predictum
1471 2002 1634 2086 ignorant.

535 2136 574 2199 In
590 2136 682 2224 cujus
697 2138 742 2200 rei
756 2139 985 2202 testimoninm
1000 2141 1063 2205 etc.

931 2451 1240 2541 [Wseennssomnn
1262 2449 1322 2540 nn]
1351 2453 1573 2520 BRADLEY.

531 2617 714 2702 Inquisicio
739 2619 826 2701 apud
851 2617 963 2683 Castae
987 2619 1042 2682 die
1060 2617 1083 2682 J
1084 2618 1151 2681 ovis
1166 2617 1313 2701 proximo
1326 2621 1404 2682 ante
1419 2617 1540 2682 festum
1556 2615 1667 2680 Sancti
1683 2615 1827 2681 Bernaba
1841 2615 1991 2700 Apostoli

493 2727 577 2770 anno
591 2707 686 2790 regui
699 2707 783 2791 regis
805 2705 941 2769 Henrici
962 2706 1047 2769 sexti
1071 2710 1134 2771 etc.
1152 2711 1252 2784 sexto,
1279 2726 1387 2768 coram
1412 2705 1585 2769 Edmundo
1609 2703 1734 2768 Osteler
1756 2705 1796 2768 de
1812 2704 1934 2768 Barton
1956 2709 1990 2768 et

491 2795 586 2859 sociis
601 2797 668 2856 suis
693 2794 941 2857 comissionariis
966 2793 1112 2875 ejusdem
1138 2793 1276 2857 subsidii
1292 2793 1369 2877 vj.s.
1386 2791 1496 2876 viiju.
1513 2791 1552 2856 de
1578 2791 1723 2876 quolibet
1748 2792 1843 2855 feodo
1870 2792 1989 2856 militis

491 2884 527 2946 in
554 2881 700 2966 partibus
725 2881 766 2944 de
793 2880 957 2964 Liadeaey
983 2880 1115 2944 domino
1139 2881 1209 2964 regi
1231 2879 1273 2943 ad
1299 2881 1455 2944 ultimum
1485 2879 1738 2963 parliamentum
1760 2883 1889 2943 tentum
1903 2879 1990 2964 apud

492 2969 818 3033 westmonasterium
855 2970 891 3030 in
927 2974 981 3032 xv·
1018 2967 1129 3032 Sancti
1167 2967 1341 3031 Michaelis
1378 2968 1498 3032 ultima
1542 2968 1698 3051 preterita
1745 2967 1899 3046 concessi,
1936 2988 1992 3050 per

494 3060 731 3121 sacramentum
758 3055 892 3119 Roberti
917 3055 1085 3140 Hastyngs
1112 3056 1152 3119 de
1166 3055 1256 3138 Irby,
1272 3055 1293 3120 J
1295 3055 1430 3118 ohannis
1446 3055 1553 3137 Bryan
1568 3054 1609 3118 de
1623 3053 1773 3137 Brudley,
1788 3054 1924 3118 Hearioi
1938 3054 1991 3118 Ka

493 3145 673 3221 decadem,
694 3142 829 3206 Roberti
850 3141 1205 3219 Thornton‚Willelmi
1231 3142 1360 3226 Smyth,
1385 3140 1510 3206 Thome
1534 3141 1670 3225 Belesby
1693 3143 1734 3206 de
1756 3141 1990 3222 Humberston,

494 3233 637 3296 Simonis
652 3229 1281 3313 Iaceby‚J0hannrsnurtaye,wi11e1mi
1298 3229 1457 3314 Skynner,
1467 3227 1627 3293 Johannis
1643 3228 1760 3314 Ryvell
1773 3230 1814 3292 de
1829 3229 1990 3311 Tetenay,

494 3320 612 3404 Rogeri
636 3318 752 3401 'I'ayler
774 3319 814 3381 de
840 3319 964 3395 eadem,
990 3317 1126 3381 Roberti
1150 3316 1283 3401 Chapell
1308 3319 1348 3381 de
1373 3316 1523 3396 Howton,
1552 3316 1709 3381 Johannis
1739 3315 1867 3401 Smyth,
1897 3316 1991 3383 Petri

495 3406 656 3490 Gouylde‚
671 3405 804 3469 Roberti
819 3405 938 3483 Boron,
952 3409 986 3468 et
999 3405 1138 3468 Walteri
1153 3405 1258 3489 Ryby,
1273 3408 1330 3490 qui
1345 3405 1458 3469 dicunt
1473 3405 1558 3490 quod
1569 3427 1624 3468 :-

539 3587 739 3673 Crystoferns
754 3590 892 3676 Conyers
907 3595 1001 3657 tenet
1015 3594 1050 3656 in
1068 3593 1233 3663 Swsnown
1248 3594 1289 3657 de
1303 3592 1395 3657 feodo
1410 3591 1646 3658 Richemundie
1661 3594 1706 3659 di.
1723 3593 1746 3659 f.
1763 3614 1808 3659 m.
1832 3594 1992 3679 quondam

493 3675 642 3761 Philippi
656 3678 793 3744 Lassels.

541 3816 635 3880 Idem
665 3816 857 3882 Cristoferns
886 3825 920 3882 et
950 3821 1131 3901 parcenarii
1161 3821 1212 3884 sui
1241 3824 1355 3884 tenent
1385 3840 1441 3885 nn.
1473 3820 1497 3885 f.
1528 3842 1572 3886 m.
1603 3822 1639 3884 in
1669 3820 1801 3887 Anusau
1829 3820 1870 3883 de
1900 3820 1992 3886 feodo

495 3902 742 3984 Riohemundis,
758 3906 921 3993 quondam
937 3907 1062 3969 Thome
1077 3906 1191 3973 Canae.

540 4040 634 4104 Idem
650 4041 842 4106 Oristoferus
857 4047 947 4107 tenet
962 4042 1085 4106 ibidem
1100 4042 1146 4108 di.
1157 4044 1180 4108 f.
1191 4064 1235 4107 m.
1253 4041 1293 4106 de
1308 4042 1400 4108 feodo
1415 4042 1647 4107 Dunnlmensis
1663 4043 1815 4127 episcopi,
1831 4043 1992 4129 quondam

495 4126 653 4192 Johannis
669 4129 818 4213 Salreyn.

496 4353 517 4417 d
540 4266 701 4417 Ippnrilclus
715 4266 851 4330 Retiord
866 4271 956 4329 tenet
972 4268 1007 4329 in
1021 4266 1103 4333 Inar
1118 4266 1163 4332 di.
1181 4266 1204 4331 I.
1220 4288 1266 4333 m.
1283 4267 1445 4353 quondam
1459 4266 1480 4330 J
1482 4266 1618 4331 ohannis
1644 4266 1777 4330 Retford
1801 4267 1841 4330 de
1863 4265 1987 4355 [feodo]

519 4374 537 4418 e
584 4375 645 4439 evy
672 4404 679 4420 .

540 4492 683 4556 Heredes
710 4491 865 4555 Willelmi
892 4491 997 4555 Melet
1022 4495 1139 4556 tenent
1160 4493 1196 4556 in
1219 4491 1301 4558 Inar
1324 4492 1365 4555 de
1380 4492 1472 4557 feodo
1486 4492 1527 4555 de
1542 4491 1651 4555 Nevill
1667 4492 1712 4557 di.
1728 4490 1752 4556 f.
1770 4512 1814 4557 m.
1831 4494 1994 4578 quondam

496 4578 654 4644 Johannis
683 4579 799 4658 Melet,
828 4579 916 4643 unde
945 4579 1084 4643 Isabella
1112 4580 1231 4656 Malet,
1260 4580 1424 4664 quondam
1454 4601 1533 4643 uxor
1562 4578 1721 4643 Willelmi
1750 4579 1854 4643 Malet
1891 4583 1994 4664 patris

495 4668 633 4751 predicti
648 4666 818 4739 Wsslelmi.
833 4672 924 4731 tenet
941 4667 1017 4752 iij⁸¹¹¹
1033 4674 1161 4751 partem
1175 4667 1314 4750 predicti
1329 4667 1376 4734 di.
1391 4668 1415 4732 f.
1432 4688 1490 4751 pro
1505 4668 1581 4731 dote
1597 4687 1665 4744 sua,
1691 4672 1726 4729 et
1748 4665 1866 4731 Gracia
1881 4668 1995 4746 Malet,

497 4755 660 4840 quondam
683 4775 762 4818 uxor
791 4754 873 4818 dicti
896 4754 1066 4835 Willelmi,
1092 4755 1205 4819 ultimi
1231 4756 1384 4832 tenentis,
1414 4758 1506 4820 tenet
1534 4756 1570 4818 in
1596 4755 1672 4818 dote
1697 4754 1773 4841 iij⁸e
1802 4760 1928 4840 partem
1954 4757 1996 4821 de

496 4843 635 4905 residuo.

540 4979 702 5043 Robertns
732 4979 900 5064 Hastyngs
929 4984 1022 5043 tenet
1049 4981 1085 5042 in
1115 4979 1197 5046 Inar
1222 4978 1312 5066 iiij⁸¹¹¹
1337 4982 1463 5062 partem
1488 4978 1515 5062 j.
1542 4978 1565 5042 f.
1594 4999 1639 5043 m.
1666 4979 1829 5065 qnondam
1860 4979 1995 5047 Roberti

498 5067 664 5151 Hastyngs
677 5068 719 5129 de
734 5067 828 5131 feodo
841 5068 882 5129 de
897 5066 1131 5152 Bullyngbrolr.

542 5203 727 5268 Willelmus
751 5205 868 5267 Hilton
894 5207 986 5267 tenet
1010 5204 1046 5266 in
1070 5204 1224 5285 ΗΜΘ,
1241 5204 1320 5285 osa,
1338 5210 1373 5269 et
1389 5204 1469 5270 alibi
1484 5225 1538 5269 un.
1555 5204 1578 5269 f.
1595 5225 1640 5271 m.
1658 5206 1821 5290 quondam
1837 5206 1997 5273 Willelmi

499 5290 633 5375 MoIgne
647 5292 686 5355 de
700 5291 793 5355 feodo
808 5292 849 5355 de
864 5291 983 5369 Nevill,
999 5292 1142 5357 forester.

540 5428 705 5492 Johannes
733 5430 787 5492 del
810 5429 910 5494 Hane
935 5432 1028 5491 tenet
1051 5430 1086 5491 iu
1113 5428 1278 5496 swmowa
1305 5435 1340 5493 et
1364 5430 1487 5497 Manna
1513 5430 1618 5498 Corus
1644 5449 1699 5493 un.
1723 5427 1747 5493 f.
1762 5448 1808 5495 m.
1833 5430 1995 5514 quondam

499 5514 520 5578 J
522 5514 656 5579 ohannis
674 5516 805 5601 Helyng
818 5518 858 5580 de
873 5516 965 5579 feodo
980 5516 1021 5579 de
1036 5516 1172 5600 Bayug’.

539 5654 685 5740 Rogerus
700 5654 861 5719 Barnston
876 5660 968 5718 tenet
981 5656 1017 5718 in
1034 5654 1158 5721 Mense
1172 5654 1278 5721 Cosas
1294 5654 1457 5741 quondam
1474 5653 1594 5718 Thome
1610 5655 1770 5719 Barnston
1792 5653 1837 5717 di.
1853 5654 1877 5719 f.
1894 5673 1939 5717 m.
1957 5652 1997 5718 de

497 5741 590 5805 feodo
605 5744 646 5806 de
660 5742 692 5804 N
693 5742 782 5823 evill,
797 5750 844 5806 set
858 5743 972 5806 dicunt
988 5741 1075 5827 quod
1090 5747 1220 5805 tenetur
1233 5744 1269 5805 in
1285 5744 1413 5827 sooagio
1430 5748 1464 5806 et
1478 5762 1542 5806 non
1558 5763 1615 5826 per
1631 5743 1805 5807 servicium
1820 5741 1972 5807 militare.

541 5878 591 5944 De
605 5879 655 5966 iij.
672 5886 765 5964 parte
775 5879 804 5963 j.
820 5880 844 5945 I.
861 5900 905 5944 m.
922 5877 1085 5965 quondam
1100 5879 1265 5944 Johannes
1281 5879 1321 5943 de
1337 5879 1517 5945 Rothewell
1533 5880 1572 5943 de
1586 5878 1681 5942 feodo
1697 5876 1873 5941 Petronille
1889 5876 1995 5941 Croun

499 5964 535 6029 in
550 5966 646 6037 Um
658 5968 702 6030 de
716 5966 905 6031 tenentibus
920 5969 1084 6050 ignorant,
1101 5988 1206 6055 neque
1221 5968 1337 6033 detali
1352 5968 1477 6032 villain
1493 5966 1639 6050 partibus
1653 5966 1695 6032 de
1708 5965 1878 6049 Lindesey.
1962 6056 1970 6062 -
