5000 7050
1120 1093 1225 1159 .A.D.
1249 1097 1346 1160 1428.
1923 1085 1986 1158 603

525 1373 621 1439 Idam
652 1374 800 1442 Oliverua
827 1382 921 1445 tenet
949 1381 1072 1447 ibidem
1107 1405 1211 1448 unum
1249 1386 1452 1469 quarterium
1489 1383 1512 1450 f.
1544 1405 1589 1450 m.
1626 1381 1791 1468 quondam
1829 1381 1985 1447 heredum

482 1460 631 1528 Matildia
645 1464 676 1529 le
692 1464 770 1531 Rus.

524 1615 664 1682 Domina
690 1620 731 1685 da
755 1577 928 1706 Bergimye
949 1620 1018 1710 [ie.
1047 1620 1275 1709 Bergavenny]
1296 1627 1387 1688 tenet
1412 1622 1457 1687 di.
1474 1621 1497 1686 f.
1514 1643 1559 1688 m.
1586 1623 1621 1685 ia
1648 1622 1793 1689 Hocuau
1822 1621 1987 1708 quondam

483 1702 623 1768 Breucer
640 1710 709 1787 (aio)
726 1708 767 1773 de
788 1707 916 1795 [Monte
932 1708 1082 1798 OanisoJ.

531 1839 577 1930 [N
579 1843 645 1908 ulle
659 1851 737 1909 aunt
749 1845 813 1911 alie
828 1868 964 1931 persone
978 1845 1053 1936 dcc]

1061 2266 1193 2333 C1v1uaa
1215 2265 1421 2332 NORWICI.

526 2450 691 2513 Henricus
706 2449 768 2514 Dei
782 2451 892 2535 gracia
915 2472 970 2515 rex
995 2451 1114 2537 Anglie
1137 2459 1172 2516 at
1198 2451 1334 2516 Francia
1359 2458 1394 2515 at
1415 2452 1567 2516 dominus
1591 2451 1750 2516 llibernie
1773 2449 1902 2513 dilectis
1926 2449 1988 2512 sibi

482 2535 607 2600 Thome
630 2538 769 2622 Ingham
794 2539 858 2600 civi
884 2539 1027 2602 civitatis
1052 2539 1188 2603 Norwici
1211 2544 1245 2603 et
1260 2540 1281 2603 J
1283 2538 1403 2604 ohanui
1418 2539 1588 2602 Aldarford
1602 2540 1667 2603 civi
1682 2538 1828 2624 ejusdem
1844 2536 1987 2600 civitatis

484 2624 622 2688 salutem
638 2623 696 2690 duo.
720 2622 771 2712 [aa
785 2627 821 2690 in
840 2628 907 2693 Vol.
923 2625 970 2691 II.
983 2649 1019 2710 p.
1039 2631 1077 2691 18
1100 2623 1133 2714 ].

1020 2913 1146 2980 Waaua
1168 2933 1274 2980 unum
1297 2913 1465 2996 AQUAM.

527 3097 704 3182 inquisicio
727 3102 822 3181 capta
845 3097 879 3161 in
904 3099 1038 3162 civitate
1063 3099 1202 3162 Norwici
1217 3099 1272 3163 die
1289 3099 1380 3163 Luna
1394 3099 1541 3183 proxima
1555 3102 1631 3162 ante
1648 3097 1770 3161 testum
1785 3098 1987 3161 Ascensionis

482 3183 608 3246 domini
622 3204 707 3247 anno
720 3186 812 3268 regui
827 3186 912 3267 regis
927 3185 1062 3250 Henrici
1077 3189 1160 3249 sexti
1175 3193 1249 3270 post
1264 3191 1476 3272 conquestum
1495 3192 1584 3249 sexto
1595 3205 1703 3249 coram
1712 3181 1986 3270 ThomaIngham

483 3276 518 3334 et
547 3270 696 3335 Johaune
725 3272 897 3335 Alderiord
925 3273 1149 3337 collectoribus
1177 3284 1247 3336 tam
1277 3273 1448 3360 cujusdam
1486 3272 1622 3337 subsidii
1658 3273 1699 3336 de
1728 3270 1988 3337 inhabitantibus

483 3357 649 3423 domicilia
671 3359 861 3423 tenentibus
886 3360 1059 3443 cujuslibet
1086 3361 1239 3442 parochie
1264 3361 1349 3424 infra
1373 3362 1540 3424 civitatem
1570 3358 1751 3443 predictam
1774 3365 1808 3423 et
1833 3359 1987 3423 suburbia

483 3445 632 3531 ejusdem
656 3466 754 3531 quam
777 3447 947 3533 cujusdam
974 3448 1109 3511 subsidii
1134 3447 1302 3512 feodorum
1319 3448 1473 3511 militum
1496 3447 1582 3510 infra
1605 3447 1740 3511 eandem
1766 3449 1933 3510 civitatem
1953 3451 1987 3510 et

482 3534 636 3597 suburbia
645 3534 732 3598 dicto
747 3534 879 3598 domino
894 3536 961 3620 regi
977 3537 1011 3598 in
1027 3536 1241 3618 parliamento
1257 3556 1314 3599 auo
1329 3536 1417 3620 apud
1433 3535 1757 3601 westmonasterium
1773 3537 1806 3598 iu
1823 3534 1988 3617 quindena

483 3621 595 3684 Sancti
621 3620 792 3684 Michaelis
816 3623 934 3685 ultimo
959 3624 1117 3705 preterita
1143 3630 1236 3686 tauto
1263 3624 1407 3686 concessi
1433 3624 1555 3685 virtute
1584 3622 1787 3705 quarundem
1817 3622 1987 3686 literarum

482 3709 564 3771 dicti
593 3707 719 3772 domiui
747 3709 832 3792 regis
861 3710 1048 3793 patentium
1076 3709 1175 3773 dictis
1204 3710 1430 3773 collectoribus
1459 3710 1659 3773 directarum
1694 3730 1752 3793 per
1789 3707 1985 3791 Gregorium

482 3796 615 3879 Draper,
630 3795 813 3860 Johannem
827 3796 977 3881 Godney,
992 3796 1171 3861 Robertum
1187 3796 1285 3877 Bode,
1302 3796 1483 3861 Johannem
1501 3796 1640 3874 Boulis,
1653 3797 1837 3861 Johauuem
1854 3796 1984 3874 Marwa,

481 3883 639 3945 Thomam
678 3883 816 3967 Paryng‚
850 3882 1053 3947 Willelmum
1090 3882 1270 3961 Norwiche‚
1306 3882 1489 3948 Johauuem
1527 3882 1763 3969 Scharyngton,
1801 3882 1987 3946 Galiridum

482 3968 632 4053 wancy,
658 3969 840 4034 Johaunem
865 3969 990 4056 Gegge,
1016 3970 1190 4034 Ricardum
1216 3971 1376 4055 Kippyng
1401 3976 1434 4036 et
1461 3970 1640 4035 Robertum
1664 3974 1782 4049 Orowe,
1803 3970 1987 4055 juratorum

482 4056 584 4120 warde
600 4057 687 4121 ultra
702 4078 820 4140 aquam
833 4060 869 4121 iu
891 4059 1026 4122 civitate
1048 4058 1203 4142 prediola,
1228 4060 1286 4141 qui
1310 4057 1425 4121 dicunt
1452 4079 1548 4143 super
1573 4062 1811 4122 sacramentum
1838 4058 1926 4143 quod
1951 4058 1987 4119 iu

481 4143 595 4209 eadem
609 4145 713 4208 warda
728 4150 805 4208 aunt
819 4144 1008 4229 quindecim
1023 4145 1157 4209 ecclesie
1172 4145 1367 4229 parochiales
1382 4166 1520 4231 quarum
1535 4146 1668 4210 nomina
1684 4149 1718 4209 et
1741 4146 1842 4209 annui
1865 4144 1987 4209 valorea

482 4231 655 4295 earundem
671 4231 807 4296 inferius
821 4234 1032 4296 continentur
1048 4232 1203 4297 videlicet
1216 4257 1271 4299 2—-

525 4420 668 4571 sedecia
683 4420 796 4486 Sancti
809 4420 981 4486 Michaelis
996 4423 1036 4488 de
1053 4422 1219 4508 Ooalanye,
1234 4444 1298 4508 qua
1314 4423 1400 4489 vadet
1415 4404 1472 4508 per
1495 4444 1618 4487 anuum
1640 4443 1784 4506 qumque
1805 4440 1928 4485 marcas
1952 4427 1988 4488 et

483 4528 549 4573 non
564 4531 586 4593 p
600 4530 649 4573 ua.

611 4670 765 4737 Ecclesia.
1643 4671 1730 4735 valet
1744 4692 1801 4756 per
1815 4691 1947 4737 annum.

525 4808 641 4873 Sancta
655 4808 758 4872 Maria
773 4808 814 4873 de
829 4807 985 4895 Coelanye

524 4947 637 5099 Sguoti
652 4947 787 5035 Georgii
802 4948 841 5012 de
857 4948 1021 5035 Collegate
1036 4952 1072 5014 et
1086 4948 1199 5014 Sancti
1215 4948 1320 5030 Olavi,
1336 4969 1399 5033 que
1423 4948 1607 5013 adinvicem

482 5055 542 5098 sun
574 5056 698 5101 annexa

525 5173 637 5239 Sancti
652 5174 830 5259 Augustini
894 5210 1615 5225 --------

524 5311 638 5377 Sancti
652 5312 830 5377 Clementia
844 5310 885 5377 ad
900 5311 1041 5378 Pontem
1095 5352 1612 5364 ------
1773 5312 1830 5379 le.

524 5449 644 5514 Sancte
660 5449 763 5514 Maria
778 5449 952 5515 Combusta
988 5484 1610 5501 -------
1745 5472 1828 5515 xxa.

524 5588 678 5652 Omnium
694 5587 895 5669 Sanctorum,
916 5587 1028 5652 Sancti
1042 5585 1217 5651 Salmtoria
1230 5591 1266 5649 et
1282 5582 1399 5649 Sancte
1422 5585 1606 5671 Margareto

480 5675 515 5739 in
531 5676 601 5741 vico
615 5676 654 5739 de
671 5676 880 5762 Fybriggata,
896 5697 958 5760 que
972 5674 1157 5739 adinvicem
1173 5679 1252 5738 aaut
1265 5693 1389 5737 annexa
1494 5714 1504 5725 -
1598 5710 1608 5720 -
1749 5672 1827 5739 lxm.

523 5813 635 5879 Sancti
651 5812 809 5900 Botulphi
890 5846 1611 5861 ········
1743 5833 1829 5877 xxa.

523 5953 636 6018 Sancti
650 5952 817 6017 Edmuudi
831 5952 872 6016 de
888 5950 1103 6037 Fyaahargate
