5000 7050
529 1088 593 1151 358
1177 1080 1381 1151 LINCOLN.

574 1370 738 1437 Johannes
764 1373 870 1457 Bayrd
895 1375 934 1437 de
964 1376 1080 1440 Nossa
1111 1376 1242 1440 Knnssv
1276 1375 1311 1436 in
1340 1375 1499 1437 comitatu
1528 1370 1707 1446 Lincolnie,
1736 1365 1939 1453 gentylman,
1961 1363 2026 1425 init

531 1459 661 1523 saisitus
674 1466 736 1525 etc.
752 1461 792 1525 de
807 1462 900 1524 terris
916 1467 950 1525 et
965 1464 1161 1525 tenementis
1176 1464 1210 1525 in
1227 1462 1407 1528 Tuoaurorv
1423 1461 1457 1523 in
1483 1457 1541 1523 the
1566 1457 1678 1535 Mona,
1704 1477 1766 1539 que
1791 1458 1947 1519 tenentur
1969 1470 2026 1534 per

533 1547 693 1610 decimam
708 1554 834 1631 partem
849 1569 904 1614 un.
921 1549 944 1615 1.
961 1571 1005 1615 m.

554 1682 617 1832 tEt
633 1682 771 1745 ulterius
785 1682 899 1746 dicunt
914 1682 999 1767 qnod
1015 1703 1079 1747 non
1094 1687 1171 1747 suut
1187 1684 1281 1767 plura
1295 1683 1442 1746 maneria
1455 1685 1518 1746 etc.
1564 1680 1603 1742 In
1619 1678 1712 1764 cujus
1734 1682 1781 1743 rei
1802 1677 2027 1744 testimonium

533 1790 551 1831 e
569 1791 598 1833 c.

992 1940 1301 2045 ‘Warsaumcnruu
1324 1996 1367 2040 ns
1390 1974 1550 2041 LAURZ.

579 2112 755 2194 inquisicio
792 2117 887 2196 capta
925 2114 1010 2197 apud
1049 2114 1220 2197 Hospitale
1256 2134 1353 2197 super
1389 2112 1543 2189 stratam,
1578 2132 1686 2174 coram
1723 2110 1862 2174 Roberto
1902 2110 2025 2194 Fereby

536 2206 603 2278 (rto.
621 2223 656 2264 as
672 2202 797 2283 before),
819 2201 873 2263 die
895 2200 985 2264 Jovis
1011 2204 1155 2284 proximo
1181 2207 1254 2284 post
1280 2200 1399 2265 festum
1426 2199 1538 2262 Sancti
1563 2197 1748 2281 Epiphania
1774 2199 1917 2276 Domini,
1942 2219 2026 2261 anno

532 2288 624 2435 1911
635 2287 1218 2441 1116111111101311(
1247 2292 1598 2438 iitriffiffliriitissr
1619 2283 1789 2436 11111ἓὶ
1820 2285 2025 2437 diffisi

532 2394 797 2544 TdonyregDnriey’
823 2462 862 2525 (16
886 2461 1066 2540 Sudbroke,
1091 2464 1213 2527 Thome
1239 2462 1346 2527 Cooke
1371 2421 1412 2525 de
1436 2461 1799 2546 Langvrath‚W1'llelmi
1823 2460 1957 2543 Asselyn
1984 2420 2025 2524 de

531 2546 682 2627 Reiham,
700 2546 857 2613 Johannis
871 2549 1009 2632 Fyssher
1023 2552 1064 2613 de
1080 2549 1264 2627 Gretevell,
1282 2549 1416 2613 Roberti
1432 2549 1603 2613 Scaldman
1631 2548 1671 2612 de
1696 2546 1880 2625 Fickerton,
1903 2546 2026 2611 Thome

531 2633 663 2697 Storonr
688 2636 728 2698 de
754 2634 918 2714 Carieton,
939 2637 1097 2701 Johannis
1123 2638 1212 2702 Colet
1235 2638 1275 2700 de
1290 2634 1483 2719 Aysthorpe‚
1497 2635 1619 2699 Thome
1634 2634 1839 2719 Symkynson
1852 2636 1893 2699 de
1908 2633 2024 2718 Thorp,

531 2722 662 2785 Ricardi
690 2728 759 2786 atte
788 2722 906 2787 Person
935 2725 976 2789 de
1007 2725 1148 2808 Saxilby,
1179 2723 1340 2787 Johannis
1361 2722 1507 2809 ‘Cleryng
1535 2724 1575 2787 de
1604 2721 1788 2802 Netelhnm,
1823 2728 1858 2786 et
1896 2722 2024 2786 Ricardi

530 2809 682 2978 {geppan
699 2810 739 2873 (16
768 2810 1030 2895 Faldyngvrorth,
1059 2813 1250 2899 juratorum,
1280 2812 1336 2895 qui
1372 2810 1486 2874 dicunt
1522 2831 1619 2895 super
1654 2818 1894 2874 sacramentum
1929 2830 2025 2874 suum

573 3051 757 3115 Willelmus
771 3052 905 3116 Tirwhit
919 3054 959 3116 de
974 3053 1214 3139 Buslyngthorp
1230 3055 1265 3117 in
1288 3055 1448 3118 comitatu
1469 3052 1646 3129 Lincolnie,
1672 3052 1777 3129 miles,
1802 3052 1869 3116 fuit
1895 3055 2023 3117 seisitus

528 3144 590 3203 etc.
619 3139 660 3201 de
683 3140 827 3202 manerio
852 3140 892 3203 de
918 3142 1182 3208 annvuoruons
1207 3162 1282 3204 cum
1306 3142 1527 3225 pertinenciis,
1554 3148 1587 3204 et
1611 3145 1743 3203 tenetur
1767 3161 1824 3223 per
1853 3142 2023 3204 servicium

532 3228 671 3309 septime
687 3229 789 3309 partis
805 3247 860 3291 un.
877 3228 900 3292 f.
917 3249 961 3293 m.

459 3377 466 3400 ⁸
575 3366 734 3429 Walterus
749 3366 898 3450 Tailboys
911 3367 952 3431 de
967 3366 1133 3433 Golthawe
1147 3369 1182 3431 in
1197 3369 1356 3431 comitatu
1371 3368 1548 3445 Lincolnie,
1564 3368 1715 3451 armiger,
1733 3365 1798 3428 fuir
1814 3366 1946 3429 seisitus
1960 3371 2022 3430 etc.

530 3455 570 3517 de
585 3454 719 3516 diversis
733 3454 827 3516 terris
842 3464 877 3518 ct
891 3457 1087 3519 tenementis
1101 3458 1136 3519 in
1152 3457 1437 3533 mansuescens,
1454 3476 1516 3539 que
1531 3455 1692 3538 quondam
1718 3456 1850 3516 fuerunt
1873 3452 2025 3532 Gssbcrti,

531 3543 659 3606 comitis
674 3542 715 3604 de
731 3543 853 3625 Angue,
868 3547 903 3606 et
917 3550 1071 3607 tenentur
1085 3566 1142 3628 per
1157 3545 1329 3607 servicium
1343 3552 1457 3628 quarte
1473 3544 1575 3626 partis
1590 3563 1644 3607 un.
1661 3544 1684 3607 1.
1701 3564 1744 3606 m.

574 3676 740 3741 Johaunes
755 3679 840 3743 Graa
855 3680 895 3743 de
910 3679 1156 3764 Northyngelby
1171 3682 1205 3744 in
1221 3682 1380 3743 comitatu
1396 3680 1573 3757 Lincolnie,
1591 3680 1698 3756 miles,
1720 3679 1784 3742 fuit
1807 3679 1938 3743 seisitus
1960 3685 2022 3744 ete.

530 3766 570 3828 de
599 3765 743 3868 manerio
772 3767 813 3916 dfe
843 3768 960 3833 Nossa
986 3769 1144 3834 Yrvoansr
1173 3789 1248 3830 eum
1279 3769 1487 3852 pertinenciis
1510 3769 1545 3830 in
1574 3768 1725 3844 Samum,
1752 3771 1786 3830 et
1810 3771 1941 3830 tenetur
1964 3788 2025 3851 per

529 3874 699 3916 servrcrum
715 3874 771 3920 un.
803 3876 872 3919 .m.

573 3991 711 4074 Egidius
725 3990 904 4074 strbeney
917 3992 957 4054 de
969 3990 1162 4077 Barpngdon
1176 3993 1211 4054 in
1226 3993 1387 4057 comitatu
1402 3991 1595 4068 Somersete,
1609 3990 1717 4068 miles,
1731 3989 1797 4054 fuit
1811 3992 1942 4055 seisitus
1961 3998 2022 4057 etc.

529 4080 570 4142 de
595 4079 738 4142 manerio
764 4078 805 4141 (16
833 4079 945 4145 Sounrr
971 4079 1129 4145 Yrvcsusv
1155 4100 1228 4143 cum
1255 4080 1465 4162 pertinenciis
1490 4080 1525 4141 in
1550 4078 1691 4146 Sarman
1706 4084 1740 4141 et
1755 4079 1975 4159 Bsoxuomru,
1992 4087 2025 4144 et

529 4172 661 4230 tenetur
675 4187 730 4249 per
743 4167 914 4228 servicium
928 4187 984 4229 un.
1001 4167 1024 4230 f.
1041 4187 1084 4231 m.
2013 4175 2025 4191 ⁹

573 4303 729 4367 Ricardus
747 4303 893 4386 Stanhop
908 4304 948 4366 de
964 4303 1126 4386 Rampton
1141 4305 1175 4367 in
1191 4305 1352 4371 comitatu
1366 4302 1589 4390 Notyngham,
1604 4304 1711 4382 miles,
1726 4304 1788 4367 ruit
1810 4305 1940 4368 seisitus
1961 4310 2023 4371 etc.

528 4392 572 4541 gd
585 4391 719 4541 dfivplrsis
735 4391 830 4453 terris
845 4396 879 4452 et
894 4392 1093 4454 tenementis
1107 4393 1143 4454 in
1158 4392 1309 4472 errnnr,
1322 4398 1357 4456 et
1371 4396 1523 4456 tenentur
1537 4411 1595 4475 per
1610 4393 1780 4454 servicium
1794 4395 1909 4475 quarte
1923 4394 2025 4475 partis

573 4615 686 4678 Simon
710 4613 799 4680 Leke
822 4614 862 4677 de
887 4613 1000 4678 Gotom
1021 4615 1118 4699 juxta
1143 4615 1279 4680 Neverlr
1306 4618 1342 4680 in
1368 4618 1526 4681 comitatu
1550 4615 1769 4701 Notyngham,
1795 4617 1945 4701 armiger,
1960 4619 2023 4680 init

528 4703 657 4765 seisitus
670 4707 732 4766 etc.
748 4703 788 4764 (16
802 4702 936 4765 diversis
952 4704 1045 4766 terris
1060 4709 1094 4767 et
1110 4707 1305 4768 tenementis
1318 4707 1353 4768 in
1372 4705 1522 4783 Ssxrnar,
1540 4708 1574 4767 et
1600 4709 1753 4768 tenentur
1775 4725 1830 4787 per
1852 4706 2025 4768 servicium

528 4795 619 4854 sexte
635 4790 735 4872 pertis
749 4809 804 4853 un.
820 4789 843 4854 1.
860 4811 904 4855 m.

573 4926 732 4990 Robertus
755 4926 862 5010 Sallay
885 4929 926 4991 de
951 4927 1071 4992 sarton
1097 4931 1132 4992 in
1156 4931 1316 4994 comitatu
1338 4929 1487 5007 Eboraci,
1508 4930 1661 5012 armiger,
1676 4927 1741 4991 ruit
1756 4929 1887 4994 seisitus
1902 4934 1964 4994 etc.
1980 4931 2023 4994 de

526 5015 674 5165 rlpnanprip1
700 5016 740 5078 de
768 5014 942 5082 Avssuosr
972 5039 1043 5080 cum
1076 5020 1298 5101 pertinenciis,
1329 5023 1364 5080 et
1392 5022 1523 5081 tenetur
1552 5037 1606 5102 per
1637 5018 1808 5080 servicium
1838 5017 2026 5082 medietatis

572 5240 745 5320 Henrious,
762 5242 1023 5326 archiepiscopus
1040 5242 1290 5321 Cantuarieusis,
1306 5247 1340 5305 et
1356 5244 1435 5305 socii
1451 5244 1502 5305 sui
1527 5243 1632 5306 seisiti
1657 5242 1791 5306 fuerunt
1814 5243 1855 5305 de
1880 5243 2025 5307 manerio

527 5328 567 5414 (16
582 5329 760 5408 Bsoumav,
777 5334 813 5393 et
826 5337 957 5394 tenetur
971 5335 1027 5413 pe'r
1042 5330 1212 5393 servicium
1231 5350 1286 5393 un.
1303 5330 1327 5395 1.
1344 5351 1388 5394 m.

572 5465 764 5550 Radulphus
790 5467 946 5531 Makerell
961 5468 1001 5529 de
1024 5465 1176 5530 Hodsake
1191 5468 1226 5530 in
1240 5467 1399 5530 comitatu
1414 5465 1635 5552 Notyngham,
1650 5467 1802 5552 armiger,
1819 5467 1883 5530 fuit
1898 5467 2025 5530 seisitus

528 5557 590 5617 etc.
615 5553 656 5616 (16
682 5556 775 5634 terris
799 5560 834 5618 et
859 5555 1057 5617 tenementis
1080 5575 1155 5615 cum
1182 5556 1394 5636 pertinenciis
1419 5555 1454 5616 in
1471 5556 1643 5621 Csnnnrou
1660 5556 1804 5633 Brasos,
1818 5558 1853 5616 et
1867 5558 2024 5618 tenentur

527 5661 581 5722 per
596 5643 769 5705 servicium
785 5642 910 5704 decime
926 5642 1026 5725 partis
1042 5661 1096 5704 un.
1112 5641 1135 5704 1.
1152 5662 1196 5705 m.

569 5777 730 5841 Henricus
745 5778 890 5856 Retford,
905 5799 1009 5860 nuper
1022 5779 1063 5842 de
1079 5777 1228 5842 Carieton
1245 5779 1379 5862 Paynell
1394 5780 1428 5842 in
1444 5779 1603 5843 comitatu
1629 5778 1808 5856 Lincolnie,
1830 5777 1936 5855 miles,
1959 5779 2024 5843 suit

525 5865 663 6016 :gpsvrlterppl
665 5873 756 6014 11etpm
769 5865 809 6013 dfe
824 5866 980 6014 ¹granerio
1005 5865 1044 5930 de
1070 5866 1243 5933 Orannrorv
1269 5866 1423 5932 Paruum
1447 5886 1522 5929 cum
1545 5865 1755 5949 pertinenciis
1770 5870 1804 5928 et
1819 5869 1951 5929 tenetur
1965 5885 2025 5949 per
