5000 7050
1104 1082 1218 1169 glo.
1244 1084 1338 1147 rece.
1917 1084 1980 1148 ecs

527 1365 709 1431 willelmus
738 1367 779 1430 de
810 1366 929 1433 Ceston
960 1374 1053 1433 tenet
1082 1372 1263 1435 manerium
1294 1372 1335 1434 de
1364 1372 1490 1437 Casuorr
1514 1391 1590 1434 cum
1615 1371 1681 1433 suis
1703 1371 1914 1454 pertinenciis
1942 1371 1982 1434 de

481 1451 613 1517 domino
626 1454 767 1540 Hugone
784 1454 920 1519 Bardolf
933 1477 991 1539 prc
1006 1458 1052 1524 di.
1070 1458 1091 1522 i.
1109 1478 1152 1523 m.
1168 1464 1202 1522 et
1216 1460 1304 1522 idem
1319 1459 1417 1542 lingo
1431 1459 1472 1522 de
1487 1459 1619 1521 domino
1634 1478 1710 1541 rege
1722 1458 1777 1522 i.c.

527 1590 687 1657 Henricus
703 1592 743 1655 de
759 1591 928 1657 Gildeford
944 1598 1037 1657 tenet
1051 1597 1232 1658 manerium
1247 1596 1287 1658 de
1304 1595 1522 1663 Suowaaruurv
1538 1594 1580 1657 ad
1595 1594 1772 1657 terminum
1787 1596 1854 1658 vite
1869 1616 1926 1658 sue
1941 1595 1982 1657 de

482 1676 625 1743 Havvieia
640 1680 671 1743 le
686 1678 764 1743 Veel
780 1701 838 1763 pro
852 1681 896 1746 di.
914 1681 937 1747 f.
953 1702 999 1747 m.
1017 1682 1135 1765 dequo
1151 1682 1196 1747 di.
1212 1682 1234 1747 f.
1252 1681 1411 1746 Robertus
1433 1682 1474 1745 de
1499 1680 1583 1744 Aula
1608 1682 1648 1744 de
1674 1681 1866 1747 Themistou
1891 1688 1984 1745 tenet

484 1772 609 1829 sextam
624 1772 752 1850 partem
767 1767 853 1831 feodi
868 1771 909 1831 de
924 1769 1069 1852 predicto
1085 1769 1239 1847 Henricc,
1255 1770 1295 1834 de
1310 1790 1375 1855 qua
1389 1776 1482 1852 parte
1497 1768 1518 1831 J
1520 1770 1663 1831 ohannes
1688 1768 1796 1833 Crowe
1819 1774 1852 1832 et
1878 1770 1985 1854 Agnes

483 1873 561 1917 uxor
585 1852 656 1937 ejus
679 1860 713 1919 et
738 1856 847 1939 Agnes
872 1854 979 1921 Crcvve
1002 1861 1109 1920 mater
1133 1858 1215 1921 dicti
1237 1856 1394 1920 Johaunis
1418 1862 1532 1920 tenent
1554 1855 1779 1920 duodecimam
1802 1859 1929 1940 partem
1944 1857 1984 1921 de

483 1941 629 2021 predicto
643 1940 786 2006 Robertc
801 1941 841 2005 de
855 1942 939 2007 Aula
954 1950 990 2007 et
1003 1944 1150 2026 predicta
1166 1943 1310 2007 Havvisia
1324 1950 1438 2007 tenent
1457 1945 1524 2022 (sic)
1543 1942 1728 2026 predictum
1750 1945 1929 2007 manerium
1944 1944 1984 2008 de

484 2027 702 2096 Srownarnurt
719 2028 760 2093 de
775 2028 891 2094 herede
906 2028 928 2094 J
929 2028 1066 2094 ohannis
1081 2030 1184 2096 Wake
1198 2036 1233 2097 et
1249 2031 1337 2095 idem
1352 2030 1444 2095 heres
1459 2032 1500 2095 de
1515 2032 1648 2095 domino
1662 2051 1748 2116 rege,
1760 2036 1797 2095 ut
1812 2032 1958 2097 credunt.

526 2162 665 2229 Thomas
679 2166 720 2229 de
737 2166 811 2229 War
826 2170 919 2232 tenet
935 2169 969 2231 in
985 2168 1181 2236 Torrrvcrort
1197 2169 1242 2234 di.
1259 2170 1283 2235 f.
1301 2189 1343 2234 m.
1359 2169 1399 2232 de
1414 2169 1595 2233 Petronilla
1609 2168 1650 2232 de
1664 2168 1746 2246 Vax,
1761 2169 1801 2232 de
1816 2188 1880 2251 quo
1895 2168 1940 2233 di.
1956 2168 1980 2235 f.

484 2250 582 2336 Hugo
596 2253 636 2316 de
651 2251 847 2318 Bukenham
860 2261 894 2318 et
909 2255 1094 2341 Margareta
1109 2276 1188 2322 uxor
1202 2256 1273 2341 ejus
1285 2263 1402 2320 tenent
1424 2277 1529 2320 unum
1552 2256 1751 2341 quarterium
1774 2256 1814 2318 de
1838 2256 1982 2339 predicto

483 2336 616 2441 Thema,
640 2346 676 2404 et
700 2342 847 2423 predicta
870 2342 1050 2408 Petronilla
1073 2345 1113 2407 de
1139 2346 1260 2408 comite
1286 2343 1492 2421 Marescallo‚
1513 2350 1548 2408 et
1571 2344 1660 2407 idem
1676 2363 1781 2407 comes
1794 2343 1835 2407 de
1850 2342 1982 2407 domino

482 2445 557 2510 rege
571 2446 625 2493 r.c.

527 2561 673 2648 Rogerns
686 2562 727 2627 de
743 2564 878 2629 Griston
893 2570 985 2630 tenet
1000 2566 1034 2629 in
1051 2566 1198 2635 Gnrsrorv
1213 2587 1317 2633 unum
1332 2568 1531 2650 quarterium
1546 2567 1570 2632 t.
1586 2587 1630 2632 m.
1646 2568 1686 2631 de
1700 2569 1820 2633 comite
1835 2567 1874 2631 de
1889 2566 1982 2631 Clare

484 2650 621 2713 elidem
635 2672 742 2719 comes
758 2653 797 2716 de
812 2652 945 2718 domino
959 2673 1036 2738 rege
1051 2656 1104 2719 ic.

916 2987 1136 3054 Husunauun
1160 3008 1203 3055 na
1227 2988 1552 3056 GRIMESHOWE.

855 3150 1017 3233 (Oripirrcl
1032 3152 1219 3235 inquisition
1231 3152 1363 3233 printed
1373 3175 1430 3235 pp.
1455 3154 1601 3226 tao-28.)

1004 3466 1224 3534 Huuuaauuu
1248 3488 1292 3534 nu
1315 3466 1458 3536 Disce.

527 3627 704 3710 Inquisicio
732 3628 819 3691 facta
846 3628 888 3691 de
917 3629 1018 3692 feodis
1047 3631 1192 3694 militum
1218 3633 1254 3694 in
1277 3629 1444 3694 hundredo
1469 3631 1507 3692 de
1534 3629 1630 3692 Disce
1659 3649 1718 3712 per
1741 3635 1978 3693 sacramentum

484 3714 601 3798 cheri
626 3715 667 3778 de
690 3715 823 3799 Campo,
847 3716 1010 3780 Edmuudi
1024 3718 1065 3780 de
1081 3716 1286 3802 Ketelberge
1303 3717 1445 3781 Simonis
1459 3717 1501 3780 de
1515 3716 1627 3794 Bosco,
1642 3715 1800 3786 Willelmi
1814 3715 1856 3780 de
1871 3714 1981 3794 Cruce,

484 3801 641 3866 Willelmi
656 3801 721 3866 cut
733 3811 769 3867 et
784 3803 915 3868 Roberti
932 3803 1066 3888 Avelyn,
1079 3805 1136 3889 qui
1151 3804 1265 3869 dicunt
1280 3807 1367 3902 quod
1376 3828 1430 3870 2-—

468 4003 476 4013 ·
529 3985 683 4051 Dominus
708 3986 868 4052 Robertns
894 3987 980 4053 filius
1008 3988 1142 4053 Walteri
1168 3995 1262 4052 tenet
1288 3989 1470 4052 manerium
1494 4008 1589 4052 suum
1614 4007 1689 4050 cum
1711 3987 1920 4071 pertinenciis
1944 3988 1978 4051 in

484 4072 587 4140 Drscn
602 4075 643 4137 de
658 4075 789 4138 dominc
803 4095 888 4160 rege,
903 4083 937 4139 et
951 4076 1096 4158 pertinet
1111 4077 1151 4140 ad
1167 4075 1332 4140 baroniam
1347 4095 1450 4152 suam,
1465 4082 1514 4139 set
1529 4096 1586 4159 per
1600 4074 1687 4159 quod
1716 4075 1884 4139 servicium
1911 4081 1981 4138 tcta

483 4160 613 4225 baronia
627 4162 799 4226 honeretur
813 4163 976 4246 ignorant.

526 4299 686 4362 Dominus
702 4298 889 4383 arnulphus
915 4300 946 4363 le
969 4301 1166 4384 Monteneye
1187 4306 1282 4366 tenet
1296 4301 1477 4365 manerium
1494 4301 1638 4365 suumin
1653 4300 1765 4365 eadem
1781 4298 1820 4363 de
1834 4299 1981 4383 predicto

482 4385 613 4450 domino
629 4385 769 4451 Roberto
784 4407 841 4470 per
856 4389 1028 4452 servicium
1043 4389 1087 4454 di.
1104 4389 1126 4453 f.
1145 4410 1187 4452 m.
1205 4395 1239 4452 et
1254 4390 1399 4472 pertinet
1412 4390 1453 4453 ad
1468 4389 1645 4473 predictam
1661 4388 1837 4452 baroniam.

526 4524 684 4588 Dominus
699 4524 797 4610 Hugo
812 4525 841 4588 le
857 4524 920 4588 Ver
936 4531 1026 4590 tenet
1043 4527 1225 4590 manerium
1239 4527 1280 4590 de
1296 4526 1572 4595 Warvarnernms
1587 4548 1661 4590 cum
1683 4525 1749 4591 suis
1770 4524 1981 4609 pertinenciis

483 4611 524 4674 de
537 4612 671 4676 dominc
685 4631 762 4696 rege
777 4632 834 4696 per
849 4614 1021 4677 servicium
1036 4615 1059 4678 1.
1072 4613 1099 4697 j.
1116 4634 1161 4679 ru.

528 4746 682 4811 Ricardus
696 4746 735 4810 de
747 4747 888 4811 Breause
903 4753 996 4811 tenet
1010 4750 1191 4812 manerium
1207 4749 1246 4812 de
1263 4750 1476 4815 Barsmcnsn
1491 4768 1565 4810 cum
1580 4745 1789 4829 pertinenciis
1804 4745 1845 4810 de
1862 4745 1981 4810 comite

484 4833 673 4898 Marescallo
688 4855 744 4917 per
759 4835 930 4898 servicium
945 4836 968 4900 f.
980 4835 1007 4918 j.
1023 4856 1067 4900 m.
1084 4845 1116 4898 et
1132 4837 1264 4899 dimidii
1278 4837 1445 4916 quarterii,
1466 4835 1554 4898 unde
1575 4834 1596 4897 J
1598 4832 1740 4897 ohannes
1763 4833 1804 4896 de
1830 4832 1980 4915 Boylund

392 4991 396 4998 ,
483 4927 574 4985 tenet
599 4929 747 5004 quartam
772 4931 898 5006 partem
921 4922 1010 5000 inde,
1035 4931 1069 4986 et
1093 4924 1143 4987 illi
1169 4924 1209 4987 de
1232 4923 1349 4987 abbate
1376 4924 1487 4986 Sancti
1514 4921 1689 5000 Edmuudi,
1714 4928 1748 4983 et
1770 4921 1912 5003 pertinet
1939 4922 1979 4984 ad

483 5009 649 5073 baroniam
664 5029 767 5074 snam.
1182 5069 1185 5074 .

528 5146 687 5210 Robertus
711 5145 753 5210 de
782 5145 883 5210 Bcrcc
906 5151 998 5211 tenet
1024 5148 1206 5211 manerium
1233 5148 1273 5209 de
1298 5149 1475 5213 Fansnaun
1504 5167 1579 5209 cum
1609 5147 1675 5208 suis
1704 5142 1915 5226 pertinenciis
1941 5143 1980 5207 de

484 5236 602 5298 comite
617 5233 809 5297 Marescallo
823 5255 881 5317 per
895 5235 1066 5298 servicium
1081 5236 1104 5298 f.
1120 5235 1145 5320 j.
1164 5255 1218 5312 m.,
1234 5234 1321 5296 unde
1335 5233 1499 5296 Jchennes
1523 5234 1563 5296 de
1588 5232 1689 5295 Bcscc
1712 5238 1803 5296 tenet
1830 5237 1979 5314 quartam

484 5327 609 5407 partem
623 5321 712 5398 inde,
726 5325 760 5384 et
775 5320 826 5384 illi
840 5322 879 5384 de
894 5321 1010 5386 abbate
1027 5322 1140 5386 Sancti
1156 5320 1333 5385 Edmuudi.

526 5457 631 5521 Abbas
647 5455 757 5519 Sancti
773 5454 940 5520 Edmuudi
955 5461 1049 5520 tenet
1064 5457 1242 5519 manerium
1258 5457 1299 5519 de
1313 5455 1521 5523 'incensum
1536 5473 1611 5517 cum
1626 5453 1692 5515 suis
1717 5450 1926 5536 pertinenciis
1940 5448 1982 5513 de

484 5543 616 5607 domino
638 5565 722 5628 rege,
748 5550 782 5606 et
807 5545 948 5627 pertinet
972 5544 1013 5607 ad
1036 5543 1200 5607 baroniam
1227 5563 1330 5620 snam,
1343 5547 1396 5606 set
1409 5563 1465 5626 per
1481 5541 1567 5627 quod
1581 5540 1753 5604 servicium
1766 5545 1838 5604 tota
1852 5537 1983 5601 baronia

484 5629 658 5696 honeretur
672 5635 834 5715 ignorent.

527 5764 692 5831 lohannes
707 5765 747 5830 de
762 5765 892 5830 Semere
908 5771 1001 5830 tenet
1016 5771 1241 5831 tenementum
1257 5786 1348 5830 suam
1364 5768 1400 5829 in
1427 5766 1565 5832 Sanane
1587 5784 1662 5827 cum
1685 5762 1752 5825 suis
1775 5760 1982 5843 pertinenciis

485 5855 524 5919 de
545 5853 677 5918 dominc
699 5853 842 5940 Robertc
867 5853 935 5918 filio
960 5855 1080 5938 Rogeri
1104 5875 1161 5937 per
1185 5854 1355 5918 servicium
1370 5853 1527 5939 quarterii
1542 5854 1564 5916 f.
1580 5871 1624 5916 m.
1641 5857 1677 5915 et
1690 5849 1747 5911 ille
1760 5848 1801 5910 de
1816 5847 1982 5910 comitisse

486 5940 654 6020 Oornubie,
668 5944 702 6003 et
716 5940 774 6002 illa
788 5941 828 6003 de
844 5961 930 6025 rege.
