5000 7050
1102 1053 1182 1119 ΑΒ.
1208 1057 1302 1118 1428.
1883 1059 1947 1127 2‘13

489 1340 538 1405 De
554 1341 868 1428 Waltero‘l'sylboys
883 1363 940 1427 pro
955 1343 1000 1410 di.
1015 1345 1039 1410 f.
1057 1343 1175 1409 dictis.
1191 1345 1227 1408 in
1242 1344 1373 1411 Cusum
1428 1379 1442 1391 -
1531 1385 1542 1396 ·
1630 1381 1646 1392 ·
1732 1345 1781 1432 iij.
1797 1366 1824 1411 e.
1842 1345 1944 1432 iiijaet.

489 1487 536 1637 ipe
565 1487 728 1640 Viisselmo
759 1489 891 1573 Hamby
926 1494 960 1553 et
989 1489 1063 1553 aliis
1092 1511 1149 1574 pro
1173 1498 1226 1557 xx*
1248 1497 1340 1575 perte
1366 1491 1447 1554 dicti
1475 1491 1500 1556 f.
1532 1489 1665 1556 ibidem.
1722 1491 1844 1573 Nichil,
1870 1495 1947 1578 quie

445 1595 505 1638 con
523 1596 591 1638 rae
609 1598 637 1640 c.

488 1711 537 1776 De
561 1711 693 1777 Simone
709 1713 855 1797 Aylwurd
882 1719 916 1777 et
939 1713 1079 1779 Roberto
1093 1719 1162 1778 atte
1178 1713 1280 1778 Welie
1297 1714 1337 1778 de
1354 1713 1582 1800 Hoggesthorp
1597 1677 1654 1800 pre
1670 1725 1704 1780 rra
1717 1723 1808 1801 parte
1824 1717 1903 1782 dicti
1921 1717 1944 1784 f.

445 1799 578 1864 ibidem.
623 1799 747 1881 Nichil,
764 1803 841 1884 quie
855 1799 966 1867 contre
980 1807 1043 1866 etc.

446 1945 736 2096 W'Dhe'lhetredibus
761 1945 920 2012 Johsunis
943 1947 1073 2011 Holsnd
1096 1947 1137 2011 de
1162 1946 1326 2031 Molthorp
1353 1969 1410 2031 pro
1437 1947 1511 2033 viij·
1531 1953 1624 2032 perte
1657 1949 1738 2014 dicti
1762 1951 1785 2016 f.
1812 1951 1947 2018 ibidem.

446 2076 462 2095 .
478 2055 509 2096 rc
534 2056 544 2096 1
560 2080 569 2111 ,
583 2055 601 2098 e
617 2056 645 2098 c.

448 2171 718 2323 Npffiwilelm
733 2171 848 2258 Oressy
862 2173 902 2237 de
916 2172 1028 2238 Aliord
1043 2177 1077 2238 et
1093 2172 1259 2236 Willelmo
1275 2172 1399 2258 Ryther
1413 2194 1469 2256 pro
1485 2173 1559 2257 viij·
1570 2180 1663 2258 perte
1679 2175 1761 2240 dicti
1775 2177 1799 2239 f.
1813 2176 1947 2240 ibidem.
1967 2153 1971 2160 ¹

481 2281 511 2321 rc
537 2282 544 2321 1
563 2311 571 2338 ,
586 2281 604 2322 e
621 2281 648 2324 c.

446 2395 734 2548 N'Dhe'lhetmdibus
759 2395 917 2462 Johennis
944 2398 1031 2482 Orby
1054 2398 1095 2462 de
1120 2397 1331 2482 Ingolmelles
1358 2418 1415 2481 pro
1438 2399 1512 2483 viij⁸
1536 2403 1627 2483 parte
1653 2399 1734 2464 dicti
1763 2401 1788 2466 f.
1812 2399 1946 2466 ibidem.

479 2505 509 2548 lc
533 2507 568 2563 r,
584 2506 602 2549 e
618 2506 645 2550 c.

490 2623 540 2686 De
555 2623 687 2687 domino
702 2624 743 2688 de
757 2623 862 2687 Welle
877 2645 934 2707 pro
949 2624 986 2710 ij.
1001 2625 1023 2686 f.
1041 2629 1075 2688 et
1090 2624 1136 2690 di.
1153 2631 1189 2688 et
1202 2623 1291 2708 xiiij·
1313 2627 1416 2707 parte,
1432 2628 1567 2709 excepta
1582 2625 1626 2688 Β·
1646 2629 1751 2707 parte,
1768 2634 1822 2690 xx·
1843 2629 1947 2710 purte,

446 2719 483 2778 1⁸
503 2715 604 2794 perte,
618 2716 653 2774 et
668 2710 846 2795 viij·perte
861 2711 901 2775 de
916 2713 1070 2794 predictis
1085 2712 1190 2775 feodis
1205 2717 1246 2775 ut
1261 2731 1357 2794 supra
1435 2750 1445 2762 -
1536 2752 1547 2763 -
1638 2753 1649 2766 -
1737 2732 1821 2778 xus.
1839 2709 1949 2796 viij.d.

492 2859 542 2922 De
557 2858 689 2923 domino
703 2859 744 2922 de
759 2856 946 2943 Wylughby
961 2879 1019 2943 pro
1033 2858 1058 2943 j.
1076 2859 1100 2925 f.
1124 2859 1158 2921 in
1174 2859 1345 2927 Wrnuesr
1367 2864 1401 2922 et
1427 2859 1515 2938 aiibi,
1545 2860 1707 2942 quondam
1726 2859 1883 2924 iohannis
1907 2860 1948 2924 de

449 2945 611 3032 Wylugby
734 2983 1659 2997 ----------
1745 2947 1822 3032 vj.s.
1838 2945 1948 3033 viij.d.

490 3102 541 3165 De
563 3100 754 3164 tenentibus
777 3105 937 3163 terrerum
962 3100 1127 3183 quondam
1153 3099 1326 3164 Laurencii
1351 3100 1391 3164 de
1406 3100 1438 3164 la
1453 3098 1563 3164 Roche
1578 3121 1636 3185 pro
1651 3110 1685 3168 x·
1697 3106 1790 3186 perte
1805 3121 1861 3166 uu.
1875 3099 1900 3165 f.
1914 3101 1950 3165 in

451 3188 596 3257 Unesnr.
642 3187 765 3264 Nichil,
779 3189 857 3272 quie
871 3193 982 3251 contra
996 3192 1059 3252 etc.

492 3339 541 3402 De
555 3337 687 3402 domino
703 3337 743 3400 de
758 3336 851 3400 Bello
865 3336 980 3400 Monte
995 3337 1081 3401 inire
1095 3340 1219 3401 etatem
1242 3343 1275 3400 et
1299 3339 1333 3401 iu
1358 3337 1507 3402 custodis
1533 3338 1657 3402 domini
1681 3340 1768 3422 regis
1792 3337 1951 3402 existente

450 3448 507 3512 pro
531 3445 587 3491 uu.
602 3427 625 3490 f.
641 3447 686 3490 m.
700 3426 736 3487 in
760 3425 905 3504 erou,
930 3424 1016 3506 quod
1042 3445 1147 3494 comes
1173 3425 1214 3489 de
1228 3425 1385 3488 Arundeil
1411 3425 1576 3509 quondam
1598 3427 1717 3492 tenuit.
1761 3425 1873 3489 Nichil
1896 3422 1950 3487 hic

449 3517 578 3580 racione
592 3515 726 3577 minoris
741 3513 838 3576 etatis
860 3507 1064 3599 [cancellat]
1109 3511 1386 3596 Superonerentur
1401 3513 1441 3576 de
1457 3512 1535 3599 vj.s.
1551 3511 1661 3600 viijd.

492 3665 541 3729 De
551 3664 737 3728 tenentibus
751 3668 911 3727 terrerum
922 3660 1347 3746 quondamJohsnnisRoos
1362 3682 1420 3746 pro
1431 3662 1476 3726 vi·
1498 3668 1590 3747 perte
1605 3682 1661 3729 un.
1672 3664 1695 3729 f.
1706 3662 1949 3729 mnemon.

450 3750 575 3831 Nichil,
589 3753 666 3836 quie
681 3756 796 3815 contre
808 3755 871 3815 etc.

493 3894 543 3957 De
566 3891 755 3957 tenentibus
776 3895 936 3953 terrarum
958 3888 1122 3975 quondam
1145 3888 1292 3974 Philippi
1307 3888 1348 3952 de
1363 3888 1528 3973 Manneby
1544 3909 1600 3973 pro
1614 3890 1688 3977 viij·
1700 3893 1792 3975 perte
1806 3908 1862 3956 un,
1878 3887 1901 3955 f,
1915 3889 1951 3952 in

451 3982 595 4047 Bunrou.
639 3978 762 4058 Nichil,
779 3980 841 4041 etc.
1107 4017 1111 4022 1

494 4119 544 4183 De
559 4117 674 4182 sbbste
689 4116 729 4180 de
745 4116 914 4198 Bardeney
928 4135 986 4199 pro
1000 4115 1074 4200 viij·
1086 4119 1177 4198 perte
1192 4134 1247 4179 un.
1265 4115 1290 4179 f.
1307 4116 1341 4177 in
1357 4115 1502 4193 Bessos,
1524 4135 1622 4199 quem
1644 4114 1879 4199 predecessores
1901 4115 1953 4178 sui

451 4208 614 4291 quondum
630 4208 819 4269 tenuerunt.
864 4200 987 4280 Nichil,
1001 4206 1063 4267 etc.

494 4345 545 4408 De
569 4342 759 4407 tenentibus
784 4345 946 4405 terrerum
970 4339 1135 4424 quondum
1161 4340 1296 4403 Henrici
1324 4338 1495 4403 Fsukener
1518 4360 1575 4424 pro
1591 4340 1665 4426 viij·
1688 4339 1890 4423 pertenui.
1907 4360 1951 4405 m.

452 4433 584 4497 ibidem.
628 4428 752 4507 Nichil,
767 4434 830 4493 etc.

496 4570 545 4633 De
571 4568 687 4632 sbbste
710 4567 750 4629 de
776 4565 962 4628 Thorueton
988 4584 1047 4648 pro
1062 4563 1138 4650 viij⁸
1157 4569 1249 4648 perte
1272 4584 1327 4628 uu.
1343 4566 1365 4629 f.
1382 4564 1515 4643 ibidem,
1530 4583 1628 4646 quem
1651 4566 1889 4647 predecessores
1904 4566 1954 4628 sui

454 4656 616 4741 quondam
631 4657 819 4718 tenuerunt.
864 4651 987 4732 Nichil,
1003 4658 1065 4716 etc.
1530 4648 1534 4657 '

498 4809 545 4959 Dhe
554 4807 747 4959 ltenentibus
761 4809 919 4869 terrarum
931 4802 1095 4888 quondam
1110 4802 1272 4865 comitisse
1288 4800 1457 4865 Lincolnie
1472 4756 1529 4886 pio
1544 4808 1598 4867 xx·
1610 4808 1703 4887 perte
1719 4824 1773 4869 uu.
1785 4804 1808 4868 f.
1819 4803 1954 4871 ibidem.

456 4898 516 4960 Nic
540 4897 550 4958 i
566 4944 576 4975 ‚
591 4905 654 4959 etc.

498 5033 547 5097 De
563 5031 716 5115 Philippo
732 5027 853 5114 Kydell
868 5048 926 5113 pro
941 5027 986 5093 di.
1002 5028 1025 5092 f.
1041 5028 1077 5090 in
1091 5026 1238 5104 Femur,
1253 5027 1338 5110 quod
1355 5026 1514 5091 Robertus
1529 5027 1634 5113 Daroy
1650 5026 1811 5129 quendem
1827 5030 1942 5178 terrrripz

1749 5134 1833 5199 ups.
1850 5137 1910 5201 mJ.
1944 5164 1951 5180 .

498 5258 547 5320 De
571 5256 704 5319 domino
728 5252 804 5315 Fitz
818 5248 921 5336 Hugh
947 5271 1005 5334 pro
1030 5270 1086 5315 un.
1103 5250 1126 5315 f.
1143 5250 1178 5312 in
1192 5249 1456 5316 Wrrsrsruerruu
1483 5250 1524 5315 de
1548 5251 1615 5315 illis
1638 5252 1744 5316 tribus
1770 5250 1873 5315 feodis
1892 5273 1955 5337 que

455 5343 621 5408 Johannes
637 5343 808 5424 Murmyon
823 5337 986 5424 quondam
1000 5338 1110 5401 tenuit
1124 5336 1248 5400 ibidem
1345 5377 1356 5388 -
1447 5377 1457 5389 -
1548 5378 1559 5389 -
1649 5380 1659 5391 -
1747 5340 1824 5422 vj.s.
1842 5338 1953 5425 viijd.

499 5494 549 5559 De
563 5492 738 5558 heredibus
751 5489 910 5554 Willeimi
926 5488 1061 5572 Belesby
1077 5507 1135 5572 pro
1149 5488 1214 5550 elio
1228 5487 1251 5551 i.
1269 5486 1431 5551 dictorum
1447 5488 1496 5574 iij.
1514 5488 1536 5554 f.
1554 5490 1688 5555 ibidem.
1734 5491 1856 5572 Nichil,
1878 5496 1956 5577 quie

456 5583 544 5646 idem
568 5583 661 5645 heres
682 5585 733 5642 est
755 5576 841 5641 iufra
855 5581 981 5641 etatem
997 5578 1081 5639 etin
1096 5575 1244 5639 custodia
1258 5574 1382 5637 domini
1397 5577 1484 5660 regis
1499 5577 1638 5641 durante
1652 5580 1776 5643 minore
1792 5586 1884 5645 etsie
1898 5602 1955 5646 sue

463 5666 667 5755 [canceltcd].
713 5666 994 5748 Superonemntur
1009 5663 1049 5726 de
1064 5663 1142 5749 vj.s.
1158 5660 1270 5749 vute.

501 5814 550 5878 De
564 5813 738 5879 heredibus
753 5809 911 5875 Johaunis
931 5809 1102 5893 Marmyon
1125 5830 1184 5892 pro
1209 5809 1274 5873 ulio
1296 5807 1320 5874 f.
1336 5807 1498 5873 dictorum
1525 5810 1575 5895 iij.
1591 5812 1613 5877 f.
1639 5815 1675 5875 in
1699 5815 1842 5896 Russus,
1869 5818 1955 5901 quod

439 5903 622 6012 'predictus
637 5900 803 5965 Jobeunes
819 5898 989 5980 Mermyon
1003 5896 1168 5980 quondam
1183 5898 1292 5961 tenuit
1346 5935 1357 5947 ·
1448 5936 1458 5946 ·
1549 5937 1560 5948 -
1649 5937 1661 5951 ·
1748 5904 1826 5989 vie.
1844 5904 1954 5991 viiju.

526 6036 606 6087 mres
670 6100 674 6108 ,
1872 6040 1889 6090 s
