5000 7050
1104 1094 1186 1162 Ab.
1212 1096 1308 1162 1428.
1893 1091 1956 1156 597

452 1461 471 1524 d
496 1373 587 1525 1an
602 1374 743 1526 Thorlnas
758 1377 908 1460 Holdych
924 1381 1017 1441 tenet
1032 1378 1242 1442 medietatem
1262 1378 1290 1462 j.
1306 1375 1329 1442 i.
1345 1398 1391 1442 m.
1414 1375 1450 1438 in
1474 1375 1696 1440 Dnnnsnoson
1722 1371 1763 1436 de
1786 1367 1956 1434 heredibus

474 1482 492 1525 e
579 1483 679 1548 yngse
694 1513 703 1529 .
1913 1485 1916 1490 ·

453 1593 657 1744 PTleynelptes
683 1595 822 1658 manerii
848 1594 889 1658 de
905 1595 1081 1663 Westhalle
1105 1600 1222 1658 tenent
1245 1595 1270 1680 j.
1287 1593 1311 1660 f.
1328 1615 1374 1658 m.
1403 1593 1438 1656 in
1463 1591 1575 1657 Onnes
1590 1586 1767 1651 inmediate
1782 1583 1821 1648 de
1833 1581 1955 1646 comite

481 1702 521 1744 en
543 1702 578 1746 ro
603 1703 646 1747 re.

453 1904 490 1969 cl
502 1815 712 1903 [Edmundne
728 1817 775 1906 H]
782 1818 912 1882 oldman
927 1824 1019 1883 tenet
1032 1823 1181 1902 quartam
1196 1823 1323 1902 partem
1333 1816 1361 1900 j.
1378 1818 1400 1879 f.
1416 1837 1461 1880 m.
1477 1813 1598 1877 ibidem
1615 1812 1655 1875 de
1675 1813 1794 1874 comite
1820 1811 1887 1887 (sie)
1913 1807 1954 1869 de

491 1925 553 1969 are.

502 2039 657 2128 [Thomas
683 2041 850 2130 Styw]ard
876 2050 911 2107 et
935 2044 1111 2126 percenarii
1133 2046 1184 2107 sui
1207 2043 1370 2108 tenentis
1388 2040 1564 2119 Swssnsu,
1581 2038 1771 2103 Hsnnsorm
1787 2039 1822 2098 et
1837 2035 1954 2100 Nosse

452 2130 638 2196 Prummu
653 2131 698 2200 di.
714 2131 738 2194 l.
754 2153 800 2196 m.
817 2130 858 2194 de
872 2129 1045 2195 heredibus
1058 2131 1171 2216 Egidii
1185 2132 1226 2196 de
1240 2130 1375 2195 Holmo.

501 2255 682 2344 [iohannes
697 2257 839 2342 Clyfton,
853 2256 941 2345 ehiv]
949 2259 1025 2337 aler,
1040 2263 1132 2322 tenet
1155 2259 1191 2321 in
1216 2259 1481 2336 Enneacrunos,
1499 2254 1669 2332 nouenos,
1685 2251 1906 2317 Dunmsesou
1922 2255 1955 2312 et

453 2346 565 2414 Cheru
578 2347 603 2431 j.
614 2346 637 2410 f.
653 2367 699 2412 m.
714 2346 756 2410 de
771 2346 891 2410 comite
905 2347 1105 2413 Warrennic.

495 2481 600 2545 Abbas
630 2481 743 2546 Sancti
771 2481 939 2546 Edmundi
974 2479 1024 2569 [et
1053 2478 1246 2568 conventus]
1283 2486 1398 2544 tenent
1427 2478 1477 2563 iij.
1508 2481 1617 2563 portes
1646 2477 1671 2563 j.
1697 2475 1720 2542 f.
1746 2495 1792 2542 m.
1823 2475 1859 2538 in
1887 2473 1956 2540 Ess

452 2570 683 2644 Bremenium
698 2569 798 2634 nichil
813 2572 889 2655 quis
904 2569 1124 2635 decimabiles.

497 2706 639 2769 Heredes
664 2706 784 2790 Rogeri
810 2706 852 2771 de
880 2706 1110 2792 Huntyngield
1136 2710 1250 2770 tenent
1274 2703 1395 2768 ibidem
1421 2706 1570 2786 quartem
1594 2705 1720 2785 partem
1742 2699 1769 2784 j.
1794 2701 1817 2764 f.
1844 2720 1889 2764 m.
1915 2699 1956 2762 de

452 2795 571 2857 comite
586 2794 767 2860 Lincolnie.

452 2922 641 3073 Aliopelrpis
666 2922 807 3006 Harsyk,
832 2922 983 3002 chivaler,
1008 2925 1101 2987 tenet
1125 2924 1161 2986 in
1187 2923 1381 2990 &censens
1409 2919 1618 2982 medietatem
1642 2915 1665 3001 j.
1680 2916 1704 2979 f.
1721 2889 1766 2980 m'.
1783 2913 1822 2978 de
1837 2913 1955 2977 comite

481 3030 540 3072 run
565 3031 582 3073 e
608 3030 650 3073 re.

497 3147 592 3212 Idem
609 3147 751 3232 Rogerns
766 3154 859 3210 tenet
873 3151 909 3210 in
923 3147 1036 3211 eadem
1052 3152 1201 3230 quartam
1217 3151 1343 3230 partem
1359 3144 1384 3230 j.
1400 3144 1423 3209 f.
1440 3165 1485 3210 m.
1501 3143 1542 3206 de
1557 3142 1676 3206 comite
1692 3138 1890 3206 Arundellie.

496 3287 654 3350 Ricardus
668 3286 773 3365 Rand‚
786 3283 926 3350 Thomas
941 3284 1120 3350 Battisford
1135 3291 1170 3349 et
1185 3284 1361 3368 percenarii
1376 3285 1426 3347 eni
1442 3287 1555 3346 tenent
1568 3283 1603 3344 in
1630 3281 1783 3346 Pscsavs
1807 3283 1957 3365 quartam

452 3379 577 3457 partem
592 3375 617 3459 j.
633 3373 657 3438 s.
673 3396 719 3440 m.
735 3374 776 3437 de
791 3373 918 3457 Rogero
934 3372 1074 3456 Harsyk.

496 3509 637 3576 Thomas
663 3510 810 3596 Styward
835 3516 870 3575 et
893 3512 1070 3595 pescenasii
1094 3512 1145 3575 sni
1161 3513 1276 3574 tenent
1292 3511 1327 3573 in
1341 3509 1453 3573 eedem
1470 3511 1619 3595 quartam
1634 3511 1761 3592 partem
1772 3503 1799 3591 j.
1817 3505 1838 3573 f.
1854 3527 1900 3574 m.
1916 3506 1957 3571 de

453 3598 622 3666 heredibus
636 3600 758 3664 Thome
772 3599 964 3665 Battisford.

453 3724 659 3877 AIJclpiarlrlriee
688 3726 729 3790 de
760 3724 844 3810 Boye
873 3731 964 3789 tenet
991 3729 1143 3809 quartam
1171 3730 1299 3809 partem
1326 3722 1353 3807 j.
1371 3723 1395 3789 f.
1411 3742 1457 3788 m.
1487 3722 1523 3783 in
1550 3720 1741 3789 Honunsns
1767 3718 1808 3784 de
1835 3720 1957 3783 comite

499 3834 544 3877 un
566 3836 585 3877 e
611 3834 652 3879 re.

496 3944 590 4007 Idem
604 3940 767 4006 iohannes
781 3941 868 4024 Boys
881 3944 974 4005 tenet
987 3941 1012 4026 j.
1028 3939 1052 4004 f.
1069 3961 1114 4005 m.
1130 3940 1166 4003 in
1180 3937 1296 4003 eedem
1311 3938 1352 4001 de
1367 3934 1539 4001 heredibus
1555 3936 1615 4000 filii
1631 3934 1780 3999 Walteri.

453 4066 779 4221 filiIidpvmltJolrannes
801 4068 887 4152 boys
910 4072 944 4132 et
968 4067 1146 4151 percenarii
1173 4067 1224 4130 sui
1250 4070 1362 4129 tenent
1387 4065 1433 4129 di.
1451 4065 1474 4129 f.
1492 4064 1587 4129 min
1602 4063 1715 4127 eedem
1730 4062 1770 4127 de
1785 4060 1958 4127 heredibus

571 4177 591 4221 a
620 4176 677 4221 err.

455 4282 636 4433 BTholmas
650 4279 849 4361 Tutnnbam,
864 4278 1017 4361 cbivcler,
1031 4286 1126 4346 tenet
1140 4282 1220 4345 duas
1235 4286 1345 4363 partes
1357 4278 1384 4363 j.
1401 4278 1424 4342 f.
1437 4300 1482 4345 m.
1495 4278 1531 4341 in
1549 4276 1732 4344 Oxsuneur
1747 4276 1788 4340 de
1803 4274 1959 4341 Edwudo

483 4390 561 4455 orny
579 4419 587 4435 .

498 4509 620 4573 Dicunt
633 4507 736 4571 eciam
750 4507 908 4592 juratores
922 4506 1063 4589 predicti
1078 4505 1165 4590 qnod
1179 4504 1270 4570 nulle
1286 4509 1364 4568 sunt
1378 4504 1442 4568 alie
1456 4523 1590 4591 persone
1603 4502 1661 4569 dcc.

946 4722 1166 4785 Husnsenuu
1188 4741 1232 4783 on
1256 4717 1477 4807 BLOFELD.

498 4860 677 4944 Inquisicio
704 4863 801 4941 capta
830 4858 917 4943 apud
945 4857 1150 4922 Aclemarket
1179 4857 1233 4920 die
1262 4855 1381 4919 Martis
1410 4854 1558 4939 proxima
1587 4858 1663 4916 aute
1693 4851 1812 4917 festum
1844 4852 1957 4917 Sancti

359 4994 364 5001 .
456 4945 603 5009 Barnabe
626 4946 764 5029 apostoli
787 4965 873 5009 anno
899 4946 993 5029 regni
1015 4945 1102 5030 regis
1125 4944 1262 5008 Henrici
1289 4945 1372 5007 sexti
1397 4948 1472 5026 post
1496 4946 1709 5024 conquestum
1733 4944 1824 5003 sexto
1849 4960 1957 5004 coram

456 5031 613 5095 Nicholao
639 5032 771 5112 castell,
798 5032 946 5096 Johanne
970 5031 1120 5116 Clipesby
1135 5037 1170 5097 et
1193 5032 1288 5095 sociis
1312 5034 1378 5094 suis
1408 5028 1634 5093 collectoribus
1664 5027 1802 5111 subsidii
1831 5027 1957 5090 domini

456 5121 542 5205 regis
556 5122 590 5183 in
606 5122 763 5183 comitatu
778 5119 948 5183 Norlolkie
963 5121 998 5183 in
1013 5120 1133 5183 ultimo
1148 5119 1367 5203 parliamento
1383 5138 1441 5180 suo
1456 5116 1541 5200 apud
1569 5116 1896 5178 Wcstmonasterium
1921 5116 1956 5177 in

455 5208 619 5290 quindena
633 5208 746 5270 Sancti
760 5205 932 5270 Michaelis
945 5207 1065 5271 ultimo
1079 5213 1173 5271 tento
1187 5206 1328 5269 concessi
1343 5225 1401 5289 per
1410 5209 1649 5267 sacramentum
1662 5202 1792 5265 Roberti
1804 5202 1954 5287 Grigges,

457 5294 623 5356 Edmundi
639 5294 784 5379 Rysyng,
801 5295 935 5359 Roberti
949 5292 1074 5378 Bange,
1090 5293 1223 5356 Henrici
1239 5292 1356 5375 Aleyn,
1371 5290 1494 5355 Thome
1509 5290 1602 5363 Blak,
1619 5290 1778 5352 Willelmi
1792 5297 1862 5353 atte
1880 5288 1956 5368 hee,

456 5380 587 5444 Ricardi
613 5381 765 5461 Whitfar,
786 5382 945 5445 Johannis
975 5380 1223 5466 Hardyngham,
1246 5380 1383 5445 Roberti
1410 5383 1480 5443 attc
1508 5378 1587 5456 Leo,
1609 5374 1769 5440 Johannis
1795 5376 1895 5440 Stoon
1922 5386 1958 5439 et

458 5468 614 5532 Willelmi
630 5468 819 5551 Lyghtioct,
834 5470 892 5552 qui
906 5469 1022 5532 dicunt
1036 5489 1131 5552 snper
1147 5474 1385 5530 sacramentum
1402 5486 1497 5530 sunm
1512 5466 1597 5549 quod
1624 5484 1737 5528 omnes
1760 5483 1894 5547 persone
1921 5463 1955 5525 in

456 5556 522 5619 ieta
544 5556 757 5641 inquisicione
786 5557 953 5619 nominate
983 5561 1060 5618 sunt
1084 5555 1197 5617 eeisite
1223 5560 1259 5617 et
1284 5555 1518 5638 possessionete
1548 5558 1582 5615 et
1607 5572 1717 5615 eorum
1740 5550 1885 5636 quelibet
1907 5555 1958 5613 est

455 5645 567 5706 seieita
581 5651 615 5707 et
630 5646 866 5728 possessionatc
880 5645 917 5706 in
930 5644 1024 5706 terris
1038 5648 1073 5706 et
1087 5642 1283 5706 tenementis
1309 5641 1375 5705 suis
1400 5642 1435 5704 in
1460 5640 1622 5703 dominico
1646 5658 1703 5701 sno
1728 5651 1767 5702 ut
1789 5639 1830 5701 de
1855 5637 1957 5701 libero

455 5736 644 5795 tenemento
658 5738 693 5795 et
706 5736 823 5795 tenent
838 5751 896 5795 seu
911 5736 1003 5795 tenet
1018 5730 1113 5794 modo
1126 5736 1161 5794 et
1176 5731 1357 5813 formaque
1373 5733 1585 5811 sequentum,
1600 5725 1751 5791 videlicet
1768 5725 1855 5810 quod
1867 5750 1921 5792 :-

499 5894 678 5981 Episcopus
693 5896 833 5963 Norwici
847 5900 942 5960 tenet
957 5897 1101 5960 maneria
1117 5896 1158 5960 de
1173 5896 1333 5963 Bnorsnn
1348 5900 1383 5957 et
1398 5892 1514 5959 'irione
1528 5892 1567 5955 de
1582 5911 1659 5977 rege
1674 5890 1727 5960 i.c.
1751 5890 1792 5955 de
1815 5891 1959 5975 partibus

456 5982 588 6047 baronio
602 5986 811 6069 episcopatus
823 6004 881 6049 sue
897 6004 954 6068 per
969 6005 1000 6051 v.
1017 5984 1040 6050 f.
1055 6005 1101 6051 m.
1116 6004 1175 6069 pro
1190 5984 1308 6069 quibus
1324 5982 1422 6047 solvit
1435 5980 1589 6045 decimes.
