5000 7050
1129 1074 1212 1138 al).
1236 1076 1338 1145 1302.Ι
1912 1081 1976 1145 439

565 1360 615 1423 De
636 1361 742 1425 feodis
763 1382 826 1445 que
848 1367 1003 1426 tenentur
1024 1362 1066 1426 de
1088 1364 1261 1427 heredibus
1285 1364 1404 1449 Rogeri
1428 1365 1468 1429 de
1494 1365 1631 1449 Sumery
1646 1369 1680 1429 et
1694 1364 1851 1431 Nieholae
1865 1368 1975 1432 uxoris

607 1447 680 1534 ejus
694 1447 734 1512 de
747 1457 897 1532 proparte
911 1450 1016 1533 ipsius
1029 1448 1210 1515 Niuholues

459 1594 468 1610 ·
522 1583 682 1649 Walterus
711 1586 752 1649 de
785 1584 940 1671 Culthorp
972 1592 1062 1652 tenet
1093 1594 1244 1671 quartam
1275 1595 1402 1672 partem
1436 1590 1458 1652 f.
1481 1610 1525 1654 m.
1548 1591 1583 1653 iu
1608 1590 1791 1658 Suaunown
1814 1592 1855 1655 ds
1877 1592 1975 1655 dictis

478 1670 660 1767 heredibus,
677 1674 734 1757 qui
749 1674 789 1735 de
803 1693 889 1757 rege.

523 1784 608 1849 Item
630 1784 771 1849 Thomas
792 1787 833 1850 de
855 1786 1101 1871 Ingaldesthorp
1123 1792 1213 1851 tenet
1234 1792 1384 1870 quartam
1405 1796 1531 1873 partem
1552 1788 1575 1853 f.
1590 1790 1615 1875 j.
1631 1812 1675 1854 m.
1691 1791 1726 1853 iu
1742 1790 1769 1855 F
1778 1788 1920 1879 [annun]
1941 1796 1976 1856 et

478 1872 514 1933 iu
531 1873 730 1940 Sunnnsnurr
744 1874 785 1937 de
800 1873 898 1937 dietis
914 1874 1092 1954 heredibus,
1107 1875 1161 1961 qui
1179 1875 1220 1938 de
1235 1896 1323 1960 rege.

525 1985 611 2049 Item
638 1985 836 2069 Reginaldus
858 1986 898 2049 de
920 1986 983 2050 Ber
990 1984 1129 2073 [emere]
1150 1994 1184 2050 et
1198 1986 1397 2071 Reginaldus
1412 1986 1576 2051 Matelask
1592 1994 1766 2052 tenuerunt
1781 1989 1826 2053 di.
1842 1988 1865 2054 f.
1881 1938 1924 2055 m.
1940 1992 1975 2053 in

486 2070 685 2157 [Seruaeus
700 2079 736 2136 et
750 2070 932 2159 Bnauwuu]
953 2082 988 2137 et
1001 2080 1051 2137 est
1070 2080 1179 2138 totum
1202 2079 1427 2138 tenementum
1452 2075 1634 2139 alienatum
1659 2096 1717 2159 per
1743 2077 1919 2160 particulas
1941 2084 1975 2141 et

479 2160 537 2223 Iro
552 2160 592 2223 de
606 2159 762 2243 Berewyk
776 2168 811 2223 et
825 2159 883 2223 alii
898 2168 1046 2225 tenentes
1060 2166 1218 2224 terrarum
1234 2182 1297 2245 que
1312 2160 1446 2225 fuerunt
1482 2210 1820 2229 .......
1859 2170 1976 2228 teuent

477 2246 561 2310 illud
586 2246 632 2311 di.
659 2246 682 2313 I.
708 2268 754 2312 m.
776 2247 864 2310 unde
890 2248 1050 2312 medietas
1073 2250 1140 2312 aive
1162 2247 1265 2332 major
1290 2269 1364 2331 pars
1390 2250 1426 2312 in
1455 2249 1644 2315 Bessum
1673 2252 1708 2313 in
1737 2250 1905 2314 hundredo
1934 2251 1976 2314 de

479 2331 650 2483 (Sdalehowe
665 2334 706 2396 de
716 2332 893 2484 heredibus
908 2335 1042 2399 Roberti
1057 2335 1207 2420 Agulyon
1222 2336 1263 2399 de
1279 2336 1307 2397 F
1308 2336 1456 2414 liueham,
1471 2338 1528 2419 qui
1543 2336 1584 2401 de
1599 2335 1772 2400 heredibus
1797 2337 1916 2422 Rogeri
1934 2337 1975 2402 de

505 2441 628 2504 umery,
644 2441 702 2504 qur
739 2442 857 2506 erege.

524 2533 612 2598 Item
626 2533 789 2597 Walterus
804 2534 845 2597 de
862 2533 1017 2619 Oalthorp
1031 2539 1125 2599 tenet
1140 2536 1330 2600 vicesimam
1343 2540 1472 2619 partem
1488 2535 1512 2603 f.
1527 2537 1552 2623 j.
1568 2557 1613 2601 m.
1629 2536 1666 2599 in
1681 2537 1873 2607 Doomue.

567 2696 615 2761 De
629 2696 733 2761 feodis
748 2718 810 2782 que
824 2702 979 2763 tenentur
993 2699 1035 2762 de
1050 2699 1199 2782 episeopo
1213 2698 1422 2764 Norwiesnsi.

485 2898 492 2910 Ι
525 2808 704 2894 Episuopus
725 2810 940 2893 Ilorwiceusis
963 2816 1053 2876 tenet
1077 2812 1261 2875 manerium
1288 2832 1384 2875 suum
1408 2810 1449 2875 de
1476 2812 1665 2879 Tnoauuhru
1688 2811 1729 2876 de
1759 2812 1892 2877 baronia
1921 2834 1978 2877 sua

481 2917 514 2959 m
608 2947 617 2963 .

516 2902 609 3074 ¹105:
623 3010 807 3075 willelmus
821 3010 861 3075 de
876 3010 1049 3077 Secheford
1064 3014 1153 3077 tenet
1179 3011 1225 3077 di.
1242 3012 1266 3077 f.
1285 3032 1327 3079 m.
1352 3012 1393 3075 de
1419 3012 1572 3096 episeopo
1597 3013 1634 3074 in
1660 3012 1859 3081 Sneunnonn
1885 3017 1920 3077 et
1943 3014 1978 3076 in

482 3096 680 3177 Tnoauaan,
696 3100 752 3183 qui
767 3100 808 3163 de
823 3119 908 3183 rege.

523 3210 607 3273 Item
622 3215 773 3275 tenentes
787 3215 1051 3275 tenementorum
1065 3232 1128 3295 que
1143 3210 1277 3277 fuerunt
1293 3211 1427 3276 Roberti
1451 3211 1490 3275 de
1516 3210 1668 3277 Catestou
1691 3215 1807 3277 tenent
1831 3212 1877 3281 di.
1893 3213 1916 3279 I.
1933 3233 1977 3279 m.
2018 3282 2021 3289 ,

480 3298 515 3359 in
532 3297 729 3365 Sacansoan
744 3298 786 3361 de
799 3300 959 3383 episcopo,
975 3300 1032 3382 qui
1047 3300 1088 3362 de
1104 3320 1189 3384 rege.

524 3410 610 3473 Item
633 3410 794 3474 Robertus
817 3412 961 3494 Gerveys
984 3412 1093 3475 tenuit
1118 3417 1185 3475 tres
1212 3413 1357 3495 pertesi.
1370 3411 1397 3495 j.
1414 3412 1510 3477 min
1526 3412 1647 3477 Maurus
1663 3413 1879 3479 Rmunsunnn
1894 3418 1928 3476 et
1943 3416 1978 3477 in

481 3498 581 3564 Home
596 3504 630 3562 et
643 3504 751 3563 totum
767 3503 993 3563 tenementum
1008 3507 1059 3563 est
1073 3500 1252 3563 alienatum
1267 3519 1324 3583 per
1343 3499 1516 3583 particulas
1543 3506 1576 3564 et
1601 3497 1769 3563 Iohannes
1792 3500 1846 3564 del
1870 3499 1980 3586 Hylde

479 3591 515 3649 et
538 3586 669 3649 heredes
695 3586 830 3650 Roberti
876 3635 1107 3653 .....
1153 3593 1188 3650 et
1217 3587 1276 3649 alii
1306 3593 1457 3650 tenentes
1481 3591 1740 3650 tenementumm
1761 3607 1824 3670 que
1845 3587 1980 3653 fuerunt

482 3670 582 3822 HM
612 3671 762 3758 Roberti]
791 3674 933 3757 Gerveys
963 3678 1079 3740 tenent
1110 3672 1183 3738 illas
1213 3680 1277 3737 tres
1306 3679 1413 3757 partes
1444 3673 1483 3736 de
1512 3670 1662 3737 Iohanne
1692 3673 1821 3756 Curpel,
1852 3676 1909 3760 qui
1939 3676 1980 3739 de

514 3779 620 3845 ugone
635 3760 778 3840 Barduli,
794 3762 851 3843 qui
866 3762 908 3824 de
923 3763 1073 3845 episeopo
1088 3759 1146 3824 due.

524 3872 610 3935 Item
633 3871 773 3935 Thomas
795 3872 835 3935 de
863 3871 1038 3957 Snyterton
1066 3878 1156 3936 tenet
1180 3878 1328 3936 octavam
1352 3874 1479 3954 partem
1501 3871 1523 3936 f.
1539 3892 1584 3936 m.
1611 3873 1647 3935 in
1672 3872 1914 3940 Huusmusuou
1941 3872 1981 3938 de

482 3959 648 4022 Matillide
663 3960 705 4023 de
719 3959 876 4043 Boyland‚
890 3981 952 4044 que
966 3960 1008 4023 de
1024 3960 1163 4042 Hugoue
1179 3959 1321 4040 Barduli,
1338 3960 1395 4042 qui
1410 3957 1451 4021 de
1466 3959 1629 4042 episeopo,
1642 3959 1700 4042 qui
1715 3958 1756 4024 de
1770 3981 1854 4045 rege.

569 4120 618 4185 De
632 4119 734 4184 feodis
748 4141 811 4204 que
825 4123 979 4185 tenentur
993 4121 1035 4184 de
1049 4120 1181 4185 baronia
1195 4121 1235 4183 de
1249 4117 1352 4186 Clare.

527 4256 640 4322 Comes
654 4262 690 4320 et
705 4256 872 4321 eomitissa
886 4257 1060 4320 Glovernis
1075 4262 1107 4321 et
1124 4257 1332 4321 Hertefordie
1346 4260 1462 4319 teuent
1487 4256 1522 4318 in
1548 4254 1712 4318 dominico
1735 4258 1926 4319 tenementa
1948 4255 1983 4317 in

483 4345 657 4423 Beneuen,
691 4344 812 4410 Mrem
845 4345 1068 4411 Rruunsunns
1096 4350 1130 4408 et
1159 4345 1262 4410 Humi
1291 4363 1354 4425 que
1384 4343 1547 4427 quondam
1576 4342 1710 4406 fuerunt
1746 4337 1913 4430 [Nieholai
1942 4341 1983 4406 de

427 4523 432 4528 1
484 4428 655 4517 Breeham]
677 4437 712 4495 et
726 4431 916 4495 tenebantur
930 4452 988 4515 per
1002 4433 1177 4496 servicium
1187 4431 1216 4514 j.
1232 4431 1256 4497 f.
1274 4436 1309 4494 et
1324 4429 1368 4495 di.
1385 4429 1502 4493 militis
1518 4430 1558 4492 de
1574 4428 1705 4493 baronia
1720 4429 1760 4492 de
1776 4429 1879 4496 Clare.

526 4545 614 4609 Item
637 4544 802 4610 Iohannes
826 4544 867 4608 de
891 4544 1038 4628 Boylund
1062 4551 1097 4608 et
1122 4550 1273 4608 tenentes
1302 4547 1563 4608 tenementomm
1592 4562 1656 4626 que
1686 4543 1821 4605 fuerunt
1851 4541 1983 4606 Ricardi

483 4631 538 4735 de·
553 4675 594 4784 He
609 4681 632 4782 r.
668 4740 687 4783 e
734 4680 743 4696 .
787 4637 903 4695 teuent
918 4631 954 4694 iu
970 4632 1078 4699 Panva
1093 4633 1273 4698 Runusunn
1288 4633 1332 4696 di.
1348 4632 1371 4695 f.
1387 4652 1431 4696 m.
1447 4630 1489 4694 de
1503 4630 1600 4693 dietis
1616 4631 1736 4694 comite
1751 4631 1786 4693 et
1806 4629 1982 4711 eomitissa,

484 4740 614 4896 quitem
625 4739 769 4894 {stillis
782 4829 824 4894 de
839 4829 986 4914 Boyland
999 4836 1033 4894 et
1048 4830 1105 4895 alii
1121 4834 1271 4895 tenentes
1294 4833 1557 4894 tentamentorum
1572 4847 1635 4911 que
1651 4826 1788 4891 fuerunt
1801 4827 1870 4891 Ade
1888 4832 1928 4908 (l)
1945 4827 1986 4892 de

483 4916 701 5090 ἓέἓὲἕὴω
716 4922 751 4981 et
766 4919 964 5001 participum
980 4938 1111 4981 suorum
1126 4922 1242 4981 teuent
1258 4917 1303 4984 di.
1320 4917 1344 4982 f.
1361 4937 1405 4982 m.
1422 4917 1457 4978 in
1473 4915 1587 4979 eadem
1602 4914 1680 4977 ville
1703 4913 1744 4978 de
1768 4915 1901 4994 sladem,
1927 4915 1986 5000 qui

527 5117 611 5181 Item
625 5115 792 5182 Johaunes
807 5117 906 5180 Lovel
922 5123 1012 5180 tenet
1024 5117 1050 5202 j.
1065 5117 1088 5182 f.
1105 5138 1148 5182 m.
1163 5118 1198 5180 in
1213 5117 1438 5181 Huusuauuou
1454 5119 1488 5178 et
1503 5115 1538 5176 iu
1553 5113 1697 5181 Wam’ou
1711 5113 1747 5176 in
1761 5110 1931 5177 hundredo
1946 5113 1985 5178 de

485 5203 691 5290 Frethhrigg,
708 5204 794 5268 unde
810 5206 946 5268 tercIam
962 5212 1088 5289 partem
1104 5205 1138 5268 in
1154 5200 1299 5272 Wamoh
1313 5203 1353 5266 de
1367 5202 1502 5281 eisdem,
1517 5201 1573 5284 qui
1588 5201 1629 5262 de
1644 5219 1730 5285 rege.

527 5316 612 5380 Item
627 5314 762 5381 heredes
777 5314 936 5381 Iohannis
950 5316 1075 5379 Loverd
1091 5322 1125 5379 et
1144 5315 1203 5378 alii
1227 5320 1377 5379 tenentes
1398 5307 1592 5399 [quondam]
1614 5309 1784 5374 Godesridi
1809 5308 1848 5372 de
1881 5306 1987 5395 [Bello

469 5401 759 5576 {inffdnffent
783 5403 824 5468 de
848 5404 960 5468 eadem
983 5404 1115 5468 baronia
1130 5408 1278 5468 octavam
1293 5408 1420 5485 partem
1436 5401 1458 5466 f.
1469 5399 1498 5483 j.
1514 5419 1559 5466 m.
1575 5401 1610 5460 in
1626 5395 1749 5464 Meum
1763 5397 1986 5465 Ruuunsuuun
1997 5453 2007 5500 ·,

571 5659 620 5724 De
635 5661 732 5723 terris
747 5679 811 5742 que
825 5665 982 5722 tenentur
996 5657 1038 5721 de
1053 5658 1171 5721 comite
1187 5655 1326 5721 Surreie.

528 5796 688 5861 'senentes
716 5796 874 5861 Johanm's
904 5794 945 5858 de
974 5793 1083 5877 'I'horp
1106 5795 1147 5856 'et
1176 5793 1280 5855 Alieie
1305 5793 1414 5856 uxoris
1444 5791 1514 5875 ejus
1544 5789 1585 5853 de
1615 5787 1709 5852 ieodo
1741 5783 1917 5872 [Iohannis
1947 5788 1988 5853 de

488 5882 676 5949 Warreunia
703 5889 821 5947 teneus
849 5877 1002 5966 terciam]
1032 5887 1161 5964 partem
1190 5879 1225 5944 t·
1235 5879 1264 5961 j.
1287 5897 1332 5944 m.
1366 5871 1412 5942 in'
1435 5879 1646 5954 slsrnsnnr,
1680 5873 1924 5942 Sumnunauan
1954 5882 1988 5940 et

488 5969 626 6040 Faunae
641 5977 675 6036 et
689 5972 878 6039 Buuuunau
892 5969 932 6032 de
946 5967 1036 6031 dieto
1050 5968 1179 6047 eomIte,
1202 5962 1289 6051 [qui]
1310 5967 1350 6031 de
1365 5985 1451 6050 rege.
