5000 7050
1062 1081 1148 1148 nl).
1171 1082 1397 1148 1401-1402.
1911 1073 1974 1138 249

516 1373 609 1442 Prior
633 1373 746 1439 Sancti
771 1373 793 1438 J
794 1372 931 1440 ohannis
953 1378 1045 1440 10001
1070 1374 1106 1438 10
1127 1373 1344 1443 Wsnuorssors
1359 1369 1461 1455 figam
1478 1373 1603 1452 partem
1615 1365 1641 1452 j.
1657 1365 1680 1431 f.
1696 1365 1736 1430 10
1751 1365 1882 1430 1001100
1897 1384 1974 1450 rege

472 1461 508 1524 in
522 1482 638 1546 puram
653 1466 687 1526 et
703 1467 893 1546 perpetuam
907 1462 1126 1528 elemosinam.

517 1599 604 1665 Item
619 1601 737 1665 dicunt
749 1597 837 1685 quod
850 1600 955 1684 quoad
970 1600 1150 1664 evidencias
1168 1603 1235 1679 (etc.
1251 1621 1288 1664 os
1305 1598 1431 1681 before).

517 1738 556 1802 In
571 1739 666 1823 cujus
681 1741 730 1804 101
744 1740 972 1804 testimonium
987 1743 1051 1804 010.

1100 2176 1354 2246 GRYMESBY.

517 2341 696 2425 inquisitio
724 2345 822 2425 capta
851 2341 974 2407 ibidem
1004 2361 1111 2404 coram
1142 2339 1267 2403 Thomu
1296 2336 1471 2422 Dymmolr,
1503 2335 1653 2414 chivaler‚
1678 2340 1712 2398 et
1748 2332 1895 2397 Johanne
1932 2335 1973 2398 de

475 2427 654 2513 Skypsrith,
681 2429 872 2515 justiciariis
897 2435 930 2492 et
946 2429 1232 2493 commissionariis
1254 2427 1379 2491 domini
1401 2427 1488 2509 regis
1508 2424 1548 2489 ad
1571 2423 1814 2505 infrascriptam
1838 2423 1973 2505 inquisi-

474 2517 600 2580 cionem
614 2517 807 2601 assignatos‚
821 2516 974 2580 videlicet
989 2518 1030 2580 10
1045 2514 1235 2579 racionabili
1249 2515 1372 2577 anxilio
1396 2518 1458 2577 etc.
1474 2533 1532 2596 per
1555 2517 1788 2574 sacramentum
1815 2509 1971 2574 Willelmi

474 2603 515 2666 de
530 2603 633 2680 Wels,
649 2603 791 2667 Simonis
807 2603 919 2686 Whyt,
938 2604 1073 2667 Roberti
1088 2603 1128 2666 de
1144 2602 1337 2684 Calyngton,
1353 2600 1512 2663 Willelmi
1527 2599 1566 2662 10
1582 2598 1757 2681 Brygesley
1773 2599 1813 2661 de
1829 2595 1974 2674 Sareson,

476 2690 613 2754 Gallridi
636 2689 678 2753 de
700 2691 838 2774 Aslreby‚
859 2692 982 2753 Tnoms
1003 2677 1044 2754 de
1070 2691 1161 2766 Man,
1177 2690 1333 2752 Willclmi
1357 2687 1528 2764 Elmesale,
1543 2686 1702 2749 Willelmi
1724 2685 1824 2765 Davy,
1842 2683 1973 2746 Ricardi

475 2777 516 2841 de
542 2777 721 2857 Thomton,
749 2778 908 2841 Willelmi
941 2779 1067 2857 Hosier,
1093 2776 1249 2840 Willelmi
1279 2777 1416 2851 Komar,
1447 2773 1587 2838 Gallridi
1618 2773 1736 2850 Pedde‚
1767 2771 1904 2834 Walteri
1934 2771 1974 2833 de

476 2864 641 2948 Slotheby,
656 2873 692 2930 et
705 2865 726 2930 J
728 2866 864 2930 ohannis
878 2867 920 2931 10
935 2866 1074 2948 Keleby‚
1081 2866 1282 2950 juratorum,
1295 2865 1351 2948 qui
1366 2864 1483 2927 dicunt
1498 2881 1593 2944 super
1616 2865 1853 2924 sacramentum
1876 2878 1973 2922 suum

475 2953 624 3037 quod:—

519 3140 678 3205 Homines
701 3140 742 3205 10
768 3141 945 3225 Grymssby
959 3145 1075 3205 tenent
1100 3141 1142 3203 de
1166 3140 1300 3204 domino
1321 3159 1396 3223 rege
1411 3138 1462 3203 io.
1479 3157 1537 3220 per
1556 3141 1660 3200 cartas
1681 3137 1924 3220 progenitorum
1939 3141 1975 3200 et

474 3228 735 3311 predecessorum
761 3230 862 3311 ipsius
884 3229 1009 3291 domini
1031 3230 1115 3313 regis
1139 3248 1254 3312 regum
1270 3227 1387 3310 Anglie
1412 3227 1454 3288 ad
1476 3225 1564 3290 feodi
1586 3224 1713 3287 firmam
1735 3227 1972 3307 imperpetuum

475 3315 587 3378 villam
611 3335 669 3379 seu
691 3316 829 3399 burgum
853 3317 893 3379 dc
918 3315 1099 3383 Garnnsss
1113 3336 1189 3378 cnm
1211 3321 1423 3398 purprestura
1448 3317 1484 3376 et
1505 3313 1656 3375 omnibus
1679 3311 1752 3374 aliis
1776 3311 1818 3374 ad
1848 3311 1972 3374 dictam

475 3403 603 3466 firmam
633 3410 702 3466 tam
728 3406 763 3465 in
791 3403 879 3466 dicto
911 3404 1012 3488 burgo
1042 3423 1141 3487 quam
1170 3405 1206 3465 in
1235 3403 1322 3464 villis
1355 3403 1395 3464 ds
1425 3400 1526 3479 Onna,
1559 3400 1726 3478 Bsannnr,
1749 3404 1784 3462 et
1809 3398 1973 3464 Swsnowu

474 3491 715 3575 pertinentibus
731 3511 787 3572 pro
802 3489 864 3556 lii.
880 3492 1110 3577 sterlingorum
1127 3489 1266 3575 singulis
1280 3490 1374 3553 annis
1389 3487 1431 3552 ad
1447 3488 1641 3552 scaccarium
1651 3486 1735 3550 infra
1745 3486 1850 3571 xsiiij.
1862 3486 1975 3549 Sancti

473 3577 652 3641 Michaelis
688 3578 861 3656 solvendis,
893 3579 979 3642 ultra
1015 3580 1058 3665 xj.
1072 3581 1105 3643 li.
1135 3600 1216 3662 quas
1252 3577 1373 3641 solvere
1410 3576 1515 3639 solent
1550 3575 1663 3638 abbati
1691 3574 1733 3636 de
1762 3574 1908 3636 Wellowe
1938 3574 1974 3636 in

476 3665 657 3749 Grymesby
667 3665 706 3732 de
720 3667 895 3730 elemosina
909 3667 1035 3729 domini
1049 3668 1135 3751 regis
1149 3686 1206 3748 per
1220 3684 1341 3728 aunum
1360 3669 1468 3748 preter
1483 3663 1671 3726 liberiorem
1686 3661 1834 3744 ejusdem
1848 3660 1974 3724 abbatis

474 3752 511 3816 in
526 3752 629 3839 burgo
642 3753 800 3837 predicto.

518 3891 563 3954 Et
577 3892 664 3954 ultra
679 3892 793 3955 dicunt
806 3892 892 3975 quod
907 3892 1017 3955 omnia
1031 3892 1197 3975 mesuagia
1210 3890 1295 3954 tofta
1310 3889 1414 3953 crofta
1428 3894 1515 3957 terra
1528 3886 1675 3951 errabilis
1689 3890 1782 3971 prata
1797 3892 1830 3950 et
1844 3889 1975 3970 pastura

473 3978 606 4043 indicto
619 3980 720 4063 burgo
730 3981 907 4042 0110100010
917 4000 955 4043 01
966 3981 1103 4063 antiquo
1118 3987 1264 4061 tempore
1279 3978 1472 4043 tenebantur
1488 3982 1522 4039 01
1538 3974 1642 4039 adhuc
1657 3981 1812 4039 tenentur
1823 3976 1859 4037 in
1871 3973 1973 4037 libero

474 4066 643 4149 burgagio,
671 4065 823 4130 videlicet
848 4066 992 4149 quelibet
1016 4072 1131 4130 tenura
1156 4088 1213 4150 pro
1235 4073 1325 4129 certo
1349 4064 1480 4128 redditu
1501 4082 1701 4146 perannum
1733 4068 1767 4126 et
1797 4060 1974 4126 secundum

474 4156 627 4237 antiquos
641 4174 718 4218 usus
733 4161 767 4217 et
781 4154 1034 4217 consuetudines
1049 4154 1197 4238 ejusdem
1213 4154 1310 4238 burgi
1325 4161 1359 4217 et
1374 4172 1440 4214 nou
1453 4152 1519 4214 alio
1533 4150 1638 4215 modo.

519 4291 563 4353 Et
585 4291 700 4354 dicunt
725 4289 864 4353 ulterius
885 4290 1023 4374 predicti
1039 4291 1144 4375 jurati
1169 4291 1257 4374 quod
1278 4289 1343 4372 ipsi
1364 4288 1512 4352 homines
1537 4287 1578 4351 de
1593 4286 1774 4370 Grymesby
1789 4291 1846 4349 aut
1863 4306 1976 4349 eornm

476 4384 692 4441 antecessores
708 4378 759 4441 vel
781 4378 1019 4459 predecessores
1040 4400 1061 4441 0
1074 4384 1221 4461 tempore
1245 4396 1309 4461 quo
1335 4375 1473 4460 alicujus
1498 4376 1656 4438 memoria
1672 4375 1784 4437 existit
1808 4394 1976 4457 nunquam

476 4464 641 4528 solverunt
656 4485 718 4527 nec
732 4465 852 4543 talliati
868 4465 999 4529 inerunt
1014 4466 1055 4529 ad
1071 4466 1260 4528 solvendum
1282 4463 1333 4527 vel
1349 4461 1621 4528 contribuendum
1642 4462 1684 4524 ad
1710 4461 1842 4543 aliquod
1866 4460 1976 4544 hujus-

475 4552 565 4615 modi
587 4553 769 4616 subsidium
794 4557 944 4616 vocatum
969 4553 1160 4616 racionabile
1184 4552 1344 4615 auxilium
1360 4550 1400 4614 01
1422 4550 1565 4634 aliquem
1581 4549 1837 4633 primogenitum
1851 4550 1976 4632 regium

475 4638 618 4703 militem
633 4639 819 4703 iaciendum
834 4639 886 4703 vel
902 4641 1152 4724 primogenitam
1166 4641 1290 4725 regiam
1306 4638 1533 4701 maritandam.

518 4775 606 4840 Item
629 4777 745 4840 dicunt
771 4776 858 4861 quod
883 4777 991 4840 dictus
1021 4777 1117 4840 abbas
1145 4776 1186 4840 de
1212 4777 1364 4840 Wellows
1393 4780 1486 4840 tenet
1515 4776 1551 4837 in
1581 4774 1671 4837 dicto
1696 4772 1798 4857 burgo
1826 4772 1867 4837 de
1894 4774 1978 4837 douo

475 4862 642 4942 iohannis,
658 4865 822 4948 quondam
837 4866 922 4948 regis
937 4865 1065 4949 singlis,
1078 4866 1113 4927 in
1129 4885 1244 4948 puram
1259 4872 1295 4928 et
1310 4870 1498 4947 perpetuam
1516 4862 1726 4925 elemosinam
1742 4861 1849 4922 locum
1863 4862 1900 4923 in
1914 4882 1978 4944 quo

474 4951 754 5015 sitaestabbaoea
775 4952 814 5015 de
837 4951 988 5015 Wellowe
1015 4973 1091 5015 oum
1113 4953 1265 5015 omnibus
1291 4952 1439 5036 stangnis
1462 4950 1571 5013 undiis
1595 4949 1746 5033 virgultis
1770 4951 1850 5011 ortis
1874 4950 1975 5031 pratis

474 5040 603 5121 pascuis
617 5039 812 5101 molendinis
827 5050 861 5102 et
875 5040 1027 5103 marescis
1041 5039 1265 5122 adjacentibus
1279 5046 1312 5102 01
1328 5059 1402 5100 0010
1419 5040 1509 5100 00110
1524 5038 1658 5121 grangis
1674 5056 1741 5114 000,
1759 5042 1793 5099 01
1808 5037 1978 5099 0001001010

478 5125 597 5193 essen
623 5126 738 5191 Jsoosr
766 5126 805 5188 de
835 5126 1015 5194 Gasnnsss
1039 5149 1114 5190 cum
1141 5126 1353 5210 pertinenciis
1378 5127 1443 5188 suis
1472 5132 1507 5187 et
1530 5124 1699 5187 ecclesiam
1723 5125 1763 5186 de
1791 5122 1881 5189 Onna
1902 5143 1979 5186 0010

474 5214 684 5296 pertinenciis
698 5214 765 5276 suis
780 5218 815 5277 et
830 5212 915 5297 xj.li.
931 5215 972 5276 de
987 5214 1112 5278 decima
1127 5215 1276 5278 redditus
1291 5214 1375 5298 regis
1390 5214 1431 5276 10
1448 5212 1628 5280 (1011111001
1644 5215 1676 5274 01
1692 5212 1731 5274 10
1747 5210 1905 5276 insonus.

517 5349 606 5413 Itsm
628 5355 717 5413 tenet
731 5349 838 5413 dictus
852 5349 949 5414 abbas
964 5352 1000 5415 in
1021 5352 1125 5437 burgo
1147 5352 1292 5435 predicto
1307 5352 1347 5415 ad
1363 5349 1450 5414 feodi
1467 5350 1593 5412 firmam
1608 5370 1700 5414 xxxv.
1716 5348 1800 5411 tofta
1822 5352 1856 5411 et
1878 5347 1977 5432 demy

475 5436 597 5501 toltum
612 5444 646 5501 01
661 5458 762 5501 unam
777 5445 939 5521 percatam
954 5445 989 5503 et
1004 5440 1069 5501 duo
1083 5440 1280 5518 molendina,
1298 5458 1400 5502 unum
1415 5439 1454 5501 ad
1470 5458 1588 5520 aquam
1604 5446 1639 5499 et
1664 5436 1753 5499 aliud
1776 5435 1816 5498 ad
1833 5440 1980 5506 ventum.

475 5529 510 5587 01
535 5545 639 5589 00010
665 5545 844 5589 mersscum
866 5546 906 5589 ex
930 5528 1063 5590 australi
1095 5534 1187 5610 parte
1215 5526 1348 5591 abbacie
1374 5526 1517 5608 predicte
1548 5524 1710 5587 inclusum
1740 5542 1797 5605 pro
1823 5522 1866 5587 xl.
1883 5543 1908 5587 a.
1938 5523 1980 5585 ad

473 5614 667 5675 scaccarium
693 5634 750 5695 per
775 5633 897 5677 annum
921 5614 1091 5692 solvendis,
1113 5621 1148 5677 et
1176 5615 1263 5698 quod
1293 5614 1403 5676 omnia
1433 5613 1578 5697 predicta
1609 5611 1693 5674 tofta
1724 5616 1757 5673 et
1782 5610 1877 5693 demy
1902 5631 1975 5672 oum

473 5699 668 5764 molendinis
682 5705 717 5765 ct
731 5720 873 5765 maresco
886 5707 1040 5765 tenentur
1053 5704 1088 5765 10
1102 5702 1203 5765 libero
1219 5701 1376 5785 burgagio
1391 5721 1451 5765 neo
1466 5700 1531 5763 alio
1547 5699 1654 5765 modo.

519 5837 560 5902 ln
575 5838 669 5921 cujus
684 5839 731 5902 rei
746 5839 973 5902 testimonium
989 5844 1052 5903 010.

988 6002 1491 6019 u-——fl—u—-fl-N
