5000 7050
566 1042 631 1107 498
1205 1044 1426 1113 NORFOLK.

608 1330 774 1413 thaunes
795 1340 864 1401 atte
886 1335 1007 1416 Ginue,
1030 1336 1136 1400 Alicia
1157 1336 1199 1400 de
1226 1335 1346 1401 Saham
1369 1340 1402 1401 et
1428 1336 1567 1401 Thomas
1593 1337 1635 1400 de
1651 1335 1815 1420 Horpling
1829 1336 1945 1398 tenent
1960 1351 2061 1415 uuum

566 1424 767 1504 quarterium
790 1424 813 1488 f.
830 1444 876 1489 m.
903 1425 944 1487 de
970 1425 1095 1487 Thoma
1118 1424 1255 1507 Camoys
1277 1426 1311 1487 in
1339 1425 1493 1490 Krnnuuu
1515 1426 1660 1503 Bruouu‚
1689 1430 1723 1486 et
1743 1423 1831 1485 idem
1855 1420 1995 1483 Thomas
2020 1420 2062 1483 de

567 1507 697 1571 baronia
713 1509 753 1573 de
769 1510 882 1589 Wakc,
897 1519 931 1575 et
945 1509 1087 1575 Thomas
1103 1511 1204 1575 Wake
1219 1512 1260 1575 de
1284 1513 1404 1576 honore
1428 1513 1469 1575 de
1495 1512 1526 1575 le
1552 1513 1656 1575 Wend
1682 1513 1765 1591 (sic),
1789 1517 1823 1573 et
1846 1508 1944 1572 abbas
1967 1508 2008 1571 de
2030 1506 2063 1569 la

569 1595 671 1658 Weud
690 1599 758 1675 (ric)
776 1598 816 1661 de
830 1599 963 1662 domino
978 1619 1064 1683 rege,
1079 1600 1166 1683 quod
1180 1597 1346 1663 Johennes
1361 1599 1402 1663 de
1418 1598 1539 1662 Saham
1555 1598 1718 1681 quondum
1733 1598 1843 1661 tenuit
1900 1636 1910 1645 -
1998 1614 2061 1659 ms.

610 1732 718 1797 Abbas
733 1735 773 1798 de
788 1735 940 1821 Langele,
957 1735 1144 1800 Willelmus
1159 1737 1200 1800 de
1227 1735 1331 1821 Legh,
1358 1736 1521 1801 Johannes
1549 1736 1677 1819 Sparwe
1703 1742 1739 1799 et
1761 1732 1939 1798 Nicholaur
1962 1733 2061 1798 Briau

565 1825 681 1884 tenent
700 1821 745 1887 di.
762 1823 785 1887 f.
803 1844 847 1887 m.
871 1825 906 1886 in
935 1824 1157 1891 Suaumonau
1182 1824 1225 1888 de
1250 1824 1400 1887 Johanne
1424 1826 1464 1888 de
1489 1823 1640 1908 Segrave,
1666 1828 1700 1887 et
1715 1823 1803 1886 idem
1818 1823 1859 1886 de
1874 1840 1959 1906 rege,
1976 1820 2061 1904 quod

566 1908 699 1972 heredes
716 1910 853 1973 Huberti
868 1910 908 1973 de
924 1911 1073 1975 Multone
1088 1911 1250 1997 quondam
1272 1918 1460 1991 tenuerunt,
1483 1912 1571 1975 uude
1596 1932 1653 1995 pro
1676 1911 1827 1994 porcione
1852 1909 1981 1972 abbatis
1996 1928 2060 1971 ur.

567 2015 625 2078 pro
641 1996 686 2059 vi·
706 2002 797 2080 parte
812 1996 893 2060 dicti
908 1999 954 2063 di.
970 1999 994 2063 f.
1068 2036 1889 2049 ---------
1977 2014 2059 2059 xxc.

609 2132 793 2196 Willeimus
808 2134 848 2197 de
863 2134 954 2219 Legh
971 2142 1005 2198 et
1020 2135 1179 2198 Ricardus
1194 2136 1235 2198 de
1251 2134 1458 2199 Walkestede
1474 2140 1590 2198 teuent
1604 2134 1629 2222 j.
1644 2135 1667 2199 f.
1684 2154 1728 2199 m.
1745 2133 1784 2196 de
1799 2130 1916 2197 herede
1939 2129 2062 2194 Thome

565 2219 608 2283 de
622 2220 753 2285 Multon
768 2222 804 2283 in
822 2221 1054 2300 Summonuit,
1071 2227 1106 2284 et
1121 2222 1209 2285 idem
1224 2222 1266 2285 de
1281 2220 1430 2285 Johanue
1445 2222 1485 2285 de
1501 2220 1650 2306 Segrare‚
1665 2228 1701 2283 et
1716 2220 1804 2283 idem
1819 2220 1860 2283 de
1875 2238 1962 2304 rege,
1977 2218 2062 2301 quod

565 2308 728 2390 quondam
741 2307 808 2371 iuit
823 2308 963 2373 Huberti
978 2309 1019 2373 de
1034 2309 1165 2373 Multou
1278 2347 1894 2360 -------
1983 2306 2060 2371 xla.

608 2444 771 2508 Johannes
796 2446 837 2509 de
860 2445 1019 2527 Norwico,
1036 2448 1142 2523 miles,
1156 2451 1249 2510 tenet
1275 2466 1377 2511 uuum
1401 2426 1601 2531 quarterium
1624 2444 1647 2511 f.
1664 2465 1709 2510 m.
1729 2446 1762 2507 in
1789 2444 2008 2511 Summum
2022 2443 2061 2506 de

565 2530 691 2616 Rogero
707 2530 875 2616 Sturmyu,
892 2534 1066 2597 Edmnndc
1081 2534 1151 2597 Sire
1167 2539 1201 2598 et
1217 2532 1311 2597 Serra
1327 2534 1420 2597 Pioot
1446 2535 1487 2598 de
1510 2533 1603 2597 feodo
1627 2530 1827 2609 ffluudeliie,
1853 2536 1888 2595 et
1911 2530 1997 2593 idem
2023 2531 2061 2593 de

564 2639 651 2703 rege,
666 2620 752 2702 quod
766 2621 928 2704 quondam
944 2620 1010 2685 fuit
1026 2619 1192 2705 Radulphi
1208 2621 1249 2684 de
1263 2622 1363 2685 Houe
1389 2659 1906 2672 ------
1950 2688 1954 2695 ,
1995 2639 2059 2683 x.e.

607 2754 770 2819 Johaunes
800 2756 983 2821 Grumbald
1021 2764 1113 2821 tenet
1148 2760 1184 2821 iu
1213 2758 1419 2824 Ynnweauou
1458 2776 1560 2822 unum
1597 2757 1801 2841 quarterium
1832 2756 1860 2838 j.
1894 2754 1916 2821 i.
1947 2775 1992 2819 m.
2022 2754 2062 2818 de

564 2842 737 2907 Edmuudo
762 2843 802 2907 de
825 2842 1079 2928 Baoonesthmp,
1092 2853 1127 2909 et
1140 2844 1229 2909 idem
1245 2845 1285 2909 de
1301 2849 1422 2909 comite
1437 2845 1635 2923 Warrenuie‚
1651 2850 1684 2907 et
1700 2863 1805 2907 comes
1820 2844 1860 2905 de
1875 2862 1962 2927 rege,
1976 2843 2061 2926 quod

563 2929 725 3015 quondam
741 2931 805 2994 suit
820 2932 980 2995 Willelmi
994 2931 1166 2995 Grimbald
1287 2970 1906 2983 -------
1996 2950 2060 2994 x.e.

607 3064 767 3130 Robertus
791 3067 832 3131 de
856 3067 1040 3131 Yelwertou
1067 3074 1161 3132 tenet
1186 3070 1221 3131 in
1248 3069 1455 3134 Yanwuurou
1479 3068 1653 3132 dimidium
1677 3066 1878 3151 quarterium
1904 3066 1927 3131 f.
1951 3066 2061 3131 mdc

565 3151 693 3217 Olivero
717 3152 829 3239 Wyth,
857 3159 890 3218 et
918 3156 1008 3218 idem
1034 3156 1074 3219 de
1100 3156 1219 3219 herede
1246 3155 1401 3219 Willelmi
1427 3156 1525 3233 Boos,
1550 3161 1582 3219 et
1609 3155 1698 3217 idem
1723 3152 1817 3217 heres
1846 3155 1888 3217 de
1914 3152 2061 3217 Johauue

564 3237 715 3324 Segrave‚
729 3246 762 3303 et
777 3242 867 3305 idem
882 3241 922 3304 de
937 3262 1025 3327 rege,
1039 3243 1305 3327 quod'quondam
1319 3242 1384 3307 fuit
1400 3242 1557 3307 Johaunis
1571 3241 1612 3305 de
1629 3241 1813 3306 Yeluerton
1895 3282 1905 3293 -
1995 3262 2057 3307 ue.

606 3374 770 3441 Johannes
793 3377 833 3440 de
860 3376 1000 3463 Segrare
1027 3383 1119 3441 tenet
1143 3380 1327 3443 manerium
1353 3379 1392 3442 de
1408 3380 1685 3445 Faaunnrueuau
1701 3397 1775 3441 oum
1791 3378 2006 3460 pertinenciis
2020 3379 2060 3441 de

562 3464 695 3616 qi‘qqurliirtro
710 3484 784 3551 rege
799 3466 853 3532 i.c.
870 3486 928 3550 per
942 3466 1029 3550 quod
1044 3467 1216 3530 servicium
1232 3467 1412 3553 ignoratur,
1430 3469 1515 3550 quod
1531 3486 1636 3530 comes
1662 3464 1872 3530 Maresoellus
1896 3466 2057 3552 quondam

606 3689 712 3753 Abbas
735 3689 775 3753 de
799 3690 941 3774 burgele
967 3696 1002 3754 et
1026 3691 1180 3775 priorissa
1204 3691 1245 3756 de
1270 3688 1421 3756 Osrhowe
1437 3696 1552 3754 teuent
1567 3692 1603 3754 iu
1617 3690 1732 3754 eadem
1747 3690 1812 3754 duo
1826 3692 1970 3755 maneria
1983 3711 2056 3755 oum

561 3776 779 3860 pertinenciis,
796 3798 932 3864 perque
947 3779 1084 3843 servicia
1097 3780 1277 3864 ignoratur.

562 4016 584 4079 d
604 3928 768 3993 Johauues
782 3929 936 3994 Verdoun
949 3934 1041 3994 tenet
1055 3931 1090 3994 in
1107 3932 1331 4000 ernruerrrn
1346 3933 1371 4018 j.
1384 3931 1408 3998 f.
1420 3952 1465 3996 m.
1478 3931 1520 3994 de
1534 3928 1684 3994 Johanne
1699 3931 1739 3995 de
1754 3929 1904 4014 Segrave,
1920 3934 1956 3995 et
1968 3931 2055 4079 idlem

585 4037 603 4080 θ
618 4037 691 4101 rege
767 4057 1889 4070 ............
1978 4037 1998 4080 χ
2014 4040 2054 4083 ,3,

604 4166 794 4232 Eliaabetha
807 4168 849 4232 de
864 4168 980 4232 Monte
994 4170 1100 4233 Acuto
1114 4175 1205 4234 tenet
1220 4171 1266 4236 di.
1283 4171 1307 4236 f.
1325 4192 1369 4235 m.
1386 4171 1420 4233 iu
1446 4169 1669 4237 Saxnrneurrr
1695 4170 1735 4232 de
1762 4167 1877 4233 herede
1898 4169 2056 4233 Wiilelmi

560 4255 602 4320 de
627 4256 739 4338 Vescy,
766 4261 801 4319 et
829 4256 917 4319 idem
942 4255 983 4319 de
1010 4257 1128 4321 herede
1152 4258 1286 4322 Roberti
1313 4258 1374 4320 filii
1401 4257 1530 4342 Rogeri,
1558 4265 1591 4320 et
1618 4257 1706 4320 idem
1731 4258 1772 4321 de
1798 4257 1915 4321 abbate
1944 4257 2054 4321 Sancti

560 4343 732 4406 Benedicti
746 4342 786 4407 de
801 4342 937 4420 Hulmo,
951 4349 985 4408 et
1000 4344 1099 4408 abbas
1114 4346 1154 4409 de
1169 4366 1257 4430 rege,
1274 4344 1360 4430 quod
1376 4344 1540 4428 quondam
1556 4344 1621 4407 fuit
1637 4343 1794 4408 Willeimi
1809 4344 1959 4409 Oardeuil

1968 4452 2053 4498 xxa.

603 4566 759 4650 Rogerus,
790 4587 927 4650 persona
956 4568 1091 4632 ecclesie
1122 4569 1164 4632 de
1194 4569 1346 4652 Heydon‚
1376 4574 1410 4632 et
1439 4568 1578 4631 Thomas
1608 4568 1649 4632 de
1676 4567 1777 4632 Brenr
1806 4572 1923 4631 tenent
1952 4587 2055 4632 unum

559 4656 760 4738 quarterium
775 4653 799 4719 i.
815 4676 860 4720 m.
876 4656 911 4718 in
929 4654 1154 4723 Samrucnau
1169 4657 1210 4720 de
1227 4655 1344 4720 herede
1362 4655 1517 4719 Willelmi
1532 4655 1572 4718 de
1588 4655 1702 4718 Monte
1715 4654 1831 4732 heuto,
1847 4658 1883 4718 et
1906 4655 1995 4720 idem
2016 4655 2055 4720 de

560 4740 680 4805 herede
706 4740 864 4804 Willelmi
888 4742 1002 4825 Vescy,
1028 4754 1063 4807 et
1089 4744 1179 4807 idem
1205 4746 1245 4807 de
1270 4743 1440 4807 heredibus
1466 4742 1599 4806 Roberti
1626 4742 1685 4805 filii
1703 4741 1833 4828 Rogeri‚
1849 4747 1884 4805 et
1898 4742 2000 4806 iidem
2014 4742 2055 4806 de

560 4829 677 4892 abbate
693 4827 805 4894 Sancti
820 4829 1004 4908 Benedicti,
1019 4835 1053 4893 et
1067 4830 1167 4894 abbas
1181 4830 1222 4894 de
1237 4851 1325 4916 rege,
1341 4831 1425 4916 quod
1441 4830 1605 4912 quondam
1621 4829 1684 4892 fuit
1701 4828 1801 4892 Elene
1816 4829 1940 4894 Blount
1990 4851 2053 4897 ns.

603 4975 769 5043 ‚Iohannes
783 4981 824 5043 de
839 4978 995 5043 Goseford
1011 4984 1046 5043 et
1059 4980 1205 5062 Rogerus
1222 4980 1410 5066 Hardegrey
1424 4987 1538 5044 tenent
1553 4980 1598 5043 di.
1616 4981 1638 5044 f.
1655 4999 1699 5043 m.
1716 4979 1750 5041 in
1769 4979 1990 5047 Saxnruenan
2014 4980 2055 5045 de

559 5066 729 5130 heredibus
747 5066 901 5131 Willelmi
927 5067 967 5130 de
991 5067 1105 5131 Monte
1132 5069 1247 5146 theuto,
1265 5075 1298 5131 et
1314 5069 1395 5131 dicti
1412 5066 1544 5130 heredes
1559 5067 1599 5129 de
1616 5067 1655 5126 W
1656 5065 1781 5129 illelmo
1799 5067 1909 5150 Vescy,
1925 5075 1960 5130 et
1974 5068 2054 5132 dicti

558 5153 693 5218 heredes
708 5154 748 5217 de
762 5153 932 5218 heredibus
947 5153 1081 5216 Roberti
1097 5155 1158 5217 filii
1174 5154 1305 5239 Rogeri‚
1319 5161 1353 5219 et
1368 5155 1469 5218 iidem
1484 5155 1525 5218 de
1538 5154 1656 5217 abbate
1679 5151 1791 5217 Sancti
1815 5154 1998 5231 Benedicti,
2021 5164 2055 5219 et

558 5242 654 5305 abbas
668 5239 710 5304 de
724 5260 810 5325 rege,
824 5241 909 5326 quod
925 5241 1087 5327 quondum
1104 5242 1169 5305 fuit
1182 5241 1342 5306 Johanuis
1357 5243 1397 5306 de
1412 5241 1570 5306 Goseford
1665 5281 1675 5291 -
1767 5281 1778 5290 -
1869 5282 1879 5291 -
1968 5263 2053 5308 xmo.

604 5392 785 5478 Stephanus
806 5393 982 5478 Langetott
1003 5399 1038 5456 et
1059 5393 1220 5458 Robertus
1238 5395 1340 5479 Mayu
1355 5401 1468 5460 tenent
1483 5395 1528 5462 di.
1544 5395 1568 5460 f.
1584 5415 1628 5460 m.
1646 5395 1680 5457 iu
1699 5393 1818 5472 Saone,
1837 5393 2053 5462 Scroucsmn

560 5481 890 5654 qqgffiffiriqde
904 5481 1026 5544 comite
1042 5480 1256 5563 Glouceatrie,
1271 5492 1306 5547 et
1320 5483 1408 5548 idem
1422 5483 1463 5547 de
1478 5503 1564 5568 rege,
1580 5482 1665 5567 quod
1681 5477 1856 5544 Nioholaus
1879 5481 2054 5566 Langetoft

602 5720 765 5785 Johanues
786 5715 856 5806 [de]
877 5718 1024 5783 Norwico
1038 5725 1132 5784 tenet
1145 5741 1248 5785 unum
1262 5727 1492 5786 tenementum
1506 5722 1540 5784 in
1559 5720 1666 5788 Brona
1680 5737 1739 5802 per
1765 5718 1936 5782 servicium
1957 5721 2054 5784 unius

557 5809 713 5890 quarterii
738 5807 762 5872 f.
778 5828 823 5870 m.
851 5807 890 5870 de
914 5806 1033 5871 herede
1058 5806 1176 5892 Rogeri
1203 5807 1360 5887 Ourzonn,
1387 5815 1420 5873 et
1447 5808 1535 5872 idem
1560 5809 1601 5871 de
1617 5807 1754 5872 Ricardo
1769 5805 1855 5868 dela
1870 5803 2004 5886 Bokele,
2019 5817 2055 5872 et

554 5896 641 5958 idem
657 5895 699 5957 de
717 5894 869 5978 Segrave,
884 5901 919 5960 et
933 5894 1021 5958 idem
1038 5895 1076 5958 de
1091 5916 1181 5980 rege,
1195 5897 1282 5981 quod
1295 5897 1460 5981 quondum
1477 5896 1542 5960 suit
1556 5894 1692 5957 Walteri
1708 5893 1748 5955 de
1763 5891 1909 5958 Norvico
1989 5914 2052 5961 ius.
