<?xml version="1.0" encoding="UTF-8"?>
<!DOCTYPE html PUBLIC "-//W3C//DTD XHTML 1.0 Transitional//EN"
    "http://www.w3.org/TR/xhtml1/DTD/xhtml1-transitional.dtd">
<html xmlns="http://www.w3.org/1999/xhtml" xml:lang="en" lang="en">
 <head>
  <title>
</title>
<meta http-equiv="Content-Type" content="text/html;charset=utf-8" />
  <meta name='ocr-system' content='tesseract 3.04.00' />
  <meta name='ocr-capabilities' content='ocr_page ocr_carea ocr_par ocr_line ocrx_word'/>
</head>
<body>
  <div class='ocr_page' id='page_1' title='image "./inquisitionsand00offigoog_0617.png"; bbox 0 0 5000 7050; ppageno 0'>
   <div class='ocr_carea' id='block_1_1' title="bbox 1133 1081 1978 1148">
    <p class='ocr_par' dir='ltr' id='par_1_1' title="bbox 1133 1081 1978 1148">
     <span class='ocr_line' id='line_1_1' title="bbox 1133 1081 1978 1148; baseline 0.002 -3"><span class='ocrx_word' id='word_1_1' title='bbox 1133 1081 1216 1146; x_wconf 72' lang='lat' dir='ltr'>Ab.</span> <span class='ocrx_word' id='word_1_2' title='bbox 1241 1083 1338 1146; x_wconf 78' lang='lat'>1428.</span> <span class='ocrx_word' id='word_1_3' title='bbox 1914 1084 1978 1148; x_wconf 84' lang='lat'>599</span> 
     </span>
    </p>
   </div>
   <div class='ocr_carea' id='block_1_2' title="bbox 451 1367 1979 2153">
    <p class='ocr_par' dir='ltr' id='par_1_2' title="bbox 451 1367 1979 2153">
     <span class='ocr_line' id='line_1_2' title="bbox 476 1367 1975 1458; baseline 0.005 -29"><span class='ocrx_word' id='word_1_4' title='bbox 476 1367 594 1431; x_wconf 92' lang='lat' dir='ltr'>ultimo</span> <span class='ocrx_word' id='word_1_5' title='bbox 608 1370 821 1452; x_wconf 84' lang='lat' dir='ltr'>parliamento</span> <span class='ocrx_word' id='word_1_6' title='bbox 829 1391 886 1434; x_wconf 88' lang='lat' dir='ltr'>suo</span> <span class='ocrx_word' id='word_1_7' title='bbox 896 1371 983 1455; x_wconf 88' lang='lat' dir='ltr'>apud</span> <span class='ocrx_word' id='word_1_8' title='bbox 994 1372 1313 1437; x_wconf 68' lang='lat' dir='ltr'><strong>westmonasterium</strong></span> <span class='ocrx_word' id='word_1_9' title='bbox 1328 1375 1363 1436; x_wconf 93' lang='lat' dir='ltr'>in</span> <span class='ocrx_word' id='word_1_10' title='bbox 1375 1372 1540 1458; x_wconf 91' lang='lat' dir='ltr'>quindena</span> <span class='ocrx_word' id='word_1_11' title='bbox 1552 1371 1663 1436; x_wconf 88' lang='lat' dir='ltr'>Sancti</span> <span class='ocrx_word' id='word_1_12' title='bbox 1677 1372 1846 1436; x_wconf 78' lang='lat' dir='ltr'>Michaelis</span> <span class='ocrx_word' id='word_1_13' title='bbox 1857 1373 1975 1438; x_wconf 87' lang='lat' dir='ltr'>ultimo</span> 
     </span>
     <span class='ocr_line' id='line_1_3' title="bbox 476 1457 1977 1545; baseline 0.005 -29"><span class='ocrx_word' id='word_1_14' title='bbox 476 1457 632 1536; x_wconf 87' lang='lat' dir='ltr'>preterita</span> <span class='ocrx_word' id='word_1_15' title='bbox 656 1463 748 1521; x_wconf 87' lang='lat' dir='ltr'>tento</span> <span class='ocrx_word' id='word_1_16' title='bbox 780 1457 952 1545; x_wconf 81' lang='lat' dir='ltr'><strong>[concessi]</strong></span> <span class='ocrx_word' id='word_1_17' title='bbox 984 1481 1040 1542; x_wconf 89' lang='lat' dir='ltr'>per</span> <span class='ocrx_word' id='word_1_18' title='bbox 1062 1465 1302 1524; x_wconf 88' lang='lat' dir='ltr'>sacramentum</span> <span class='ocrx_word' id='word_1_19' title='bbox 1328 1459 1487 1525; x_wconf 87' lang='lat' dir='ltr'>Johannis</span> <span class='ocrx_word' id='word_1_20' title='bbox 1501 1461 1640 1542; x_wconf 89' lang='lat' dir='ltr'>Wydon,</span> <span class='ocrx_word' id='word_1_21' title='bbox 1668 1460 1826 1524; x_wconf 89' lang='lat' dir='ltr'>Johannis</span> <span class='ocrx_word' id='word_1_22' title='bbox 1841 1459 1977 1542; x_wconf 90' lang='lat' dir='ltr'>Puttok,</span> 
     </span>
     <span class='ocr_line' id='line_1_4' title="bbox 451 1540 1977 1632; baseline 0.005 -28"><span class='ocrx_word' id='word_1_23' title='bbox 451 1540 635 1610; x_wconf 70' lang='lat' dir='ltr'>¹¹lobannis</span> <span class='ocrx_word' id='word_1_24' title='bbox 661 1545 779 1624; x_wconf 80' lang='lat' dir='ltr'>Rusca,</span> <span class='ocrx_word' id='word_1_25' title='bbox 799 1545 952 1610; x_wconf 87' lang='lat' dir='ltr'>Willelmi</span> <span class='ocrx_word' id='word_1_26' title='bbox 976 1546 1077 1625; x_wconf 69' lang='lat' dir='ltr'>Orod,</span> <span class='ocrx_word' id='word_1_27' title='bbox 1104 1549 1245 1611; x_wconf 85' lang='lat' dir='ltr'>Simonis</span> <span class='ocrx_word' id='word_1_28' title='bbox 1272 1547 1504 1632; x_wconf 86' lang='lat' dir='ltr'>Stanynghale,</span> <span class='ocrx_word' id='word_1_29' title='bbox 1521 1548 1561 1608; x_wconf 90' lang='lat' dir='ltr'>W</span> <span class='ocrx_word' id='word_1_30' title='bbox 1564 1547 1679 1610; x_wconf 91' lang='lat' dir='ltr'>illelmi</span> <span class='ocrx_word' id='word_1_31' title='bbox 1702 1547 1789 1632; x_wconf 87' lang='lat' dir='ltr'>Joly,</span> <span class='ocrx_word' id='word_1_32' title='bbox 1819 1548 1977 1614; x_wconf 82' lang='lat' dir='ltr'>Johannis</span> 
     </span>
     <span class='ocr_line' id='line_1_5' title="bbox 477 1627 1976 1714; baseline 0.006 -24"><span class='ocrx_word' id='word_1_33' title='bbox 477 1627 580 1708; x_wconf 86' lang='lat' dir='ltr'>Belle,</span> <span class='ocrx_word' id='word_1_34' title='bbox 610 1630 743 1694; x_wconf 87' lang='lat' dir='ltr'>Roberti</span> <span class='ocrx_word' id='word_1_35' title='bbox 773 1632 924 1711; x_wconf 71' lang='lat' dir='ltr'>vollarc,</span> <span class='ocrx_word' id='word_1_36' title='bbox 953 1634 1109 1699; x_wconf 86' lang='lat' dir='ltr'>Johannis</span> <span class='ocrx_word' id='word_1_37' title='bbox 1138 1635 1248 1713; x_wconf 89' lang='lat' dir='ltr'>Fisch‚</span> <span class='ocrx_word' id='word_1_38' title='bbox 1276 1634 1433 1699; x_wconf 87' lang='lat' dir='ltr'>Johannis</span> <span class='ocrx_word' id='word_1_39' title='bbox 1463 1634 1580 1714; x_wconf 82' lang='lat' dir='ltr'>(lauch,</span> <span class='ocrx_word' id='word_1_40' title='bbox 1611 1634 1740 1698; x_wconf 87' lang='lat' dir='ltr'>Ricardi</span> <span class='ocrx_word' id='word_1_41' title='bbox 1771 1635 1907 1698; x_wconf 85' lang='lat' dir='ltr'>Stiwerd</span> <span class='ocrx_word' id='word_1_42' title='bbox 1942 1638 1976 1699; x_wconf 86' lang='lat' dir='ltr'>et</span> 
     </span>
     <span class='ocr_line' id='line_1_6' title="bbox 478 1716 1978 1807; baseline 0.003 -25"><span class='ocrx_word' id='word_1_43' title='bbox 478 1716 636 1782; x_wconf 84' lang='lat' dir='ltr'>Johannis</span> <span class='ocrx_word' id='word_1_44' title='bbox 651 1719 822 1782; x_wconf 85' lang='lat' dir='ltr'>Wroxbsm</span> <span class='ocrx_word' id='word_1_45' title='bbox 845 1722 1037 1806; x_wconf 86' lang='lat' dir='ltr'>juratorum,</span> <span class='ocrx_word' id='word_1_46' title='bbox 1058 1722 1240 1806; x_wconf 89' lang='lat' dir='ltr'>juratorum</span> <span class='ocrx_word' id='word_1_47' title='bbox 1267 1722 1308 1785; x_wconf 91' lang='lat' dir='ltr'>de</span> <span class='ocrx_word' id='word_1_48' title='bbox 1334 1721 1500 1786; x_wconf 90' lang='lat' dir='ltr'>hundredo</span> <span class='ocrx_word' id='word_1_49' title='bbox 1525 1723 1566 1786; x_wconf 90' lang='lat' dir='ltr'>de</span> <span class='ocrx_word' id='word_1_50' title='bbox 1585 1723 1775 1802; x_wconf 83' lang='lat' dir='ltr'>Taverham,</span> <span class='ocrx_word' id='word_1_51' title='bbox 1792 1722 1849 1807; x_wconf 91' lang='lat' dir='ltr'>qui</span> <span class='ocrx_word' id='word_1_52' title='bbox 1864 1724 1978 1786; x_wconf 82' lang='lat' dir='ltr'>dicunt</span> 
     </span>
     <span class='ocr_line' id='line_1_7' title="bbox 477 1810 1978 1895; baseline 0.005 -29"><span class='ocrx_word' id='word_1_53' title='bbox 477 1823 571 1887; x_wconf 90' lang='lat' dir='ltr'>super</span> <span class='ocrx_word' id='word_1_54' title='bbox 585 1814 821 1874; x_wconf 79' lang='lat' dir='ltr'>sacramentum</span> <span class='ocrx_word' id='word_1_55' title='bbox 836 1828 932 1870; x_wconf 87' lang='lat' dir='ltr'>suum</span> <span class='ocrx_word' id='word_1_56' title='bbox 947 1810 1032 1892; x_wconf 88' lang='lat' dir='ltr'>quod</span> <span class='ocrx_word' id='word_1_57' title='bbox 1047 1830 1159 1873; x_wconf 88' lang='lat' dir='ltr'>omnes</span> <span class='ocrx_word' id='word_1_58' title='bbox 1173 1830 1304 1894; x_wconf 79' lang='lat' dir='ltr'>persone</span> <span class='ocrx_word' id='word_1_59' title='bbox 1319 1811 1353 1872; x_wconf 93' lang='lat' dir='ltr'>in</span> <span class='ocrx_word' id='word_1_60' title='bbox 1380 1811 1444 1873; x_wconf 90' lang='lat' dir='ltr'>ista</span> <span class='ocrx_word' id='word_1_61' title='bbox 1470 1810 1683 1895; x_wconf 89' lang='lat' dir='ltr'>inquisicione</span> <span class='ocrx_word' id='word_1_62' title='bbox 1708 1811 1874 1873; x_wconf 85' lang='lat' dir='ltr'>nominate</span> <span class='ocrx_word' id='word_1_63' title='bbox 1901 1815 1978 1874; x_wconf 82' lang='lat' dir='ltr'>sunt</span> 
     </span>
     <span class='ocr_line' id='line_1_8' title="bbox 478 1893 1978 1982; baseline 0.004 -28"><span class='ocrx_word' id='word_1_64' title='bbox 478 1893 591 1957; x_wconf 88' lang='lat' dir='ltr'>scisite</span> <span class='ocrx_word' id='word_1_65' title='bbox 617 1898 652 1956; x_wconf 89' lang='lat' dir='ltr'>et</span> <span class='ocrx_word' id='word_1_66' title='bbox 674 1894 907 1977; x_wconf 85' lang='lat' dir='ltr'>possessionate</span> <span class='ocrx_word' id='word_1_67' title='bbox 929 1903 963 1958; x_wconf 90' lang='lat' dir='ltr'>et</span> <span class='ocrx_word' id='word_1_68' title='bbox 987 1917 1099 1960; x_wconf 91' lang='lat' dir='ltr'>eorum</span> <span class='ocrx_word' id='word_1_69' title='bbox 1123 1897 1267 1982; x_wconf 84' lang='lat' dir='ltr'>quelibet</span> <span class='ocrx_word' id='word_1_70' title='bbox 1292 1903 1342 1961; x_wconf 90' lang='lat' dir='ltr'>est</span> <span class='ocrx_word' id='word_1_71' title='bbox 1357 1898 1466 1961; x_wconf 92' lang='lat' dir='ltr'>seisita</span> <span class='ocrx_word' id='word_1_72' title='bbox 1480 1907 1514 1960; x_wconf 87' lang='lat' dir='ltr'>et</span> <span class='ocrx_word' id='word_1_73' title='bbox 1527 1897 1765 1980; x_wconf 86' lang='lat' dir='ltr'>possessioneta</span> <span class='ocrx_word' id='word_1_74' title='bbox 1780 1897 1820 1961; x_wconf 90' lang='lat' dir='ltr'>de</span> <span class='ocrx_word' id='word_1_75' title='bbox 1834 1898 1928 1961; x_wconf 89' lang='lat' dir='ltr'>terris</span> <span class='ocrx_word' id='word_1_76' title='bbox 1943 1903 1978 1961; x_wconf 88' lang='lat' dir='ltr'>et</span> 
     </span>
     <span class='ocr_line' id='line_1_9' title="bbox 477 1981 1979 2064; baseline 0.003 -21"><span class='ocrx_word' id='word_1_77' title='bbox 477 1981 673 2044; x_wconf 79' lang='lat' dir='ltr'>tenementis</span> <span class='ocrx_word' id='word_1_78' title='bbox 687 1983 723 2045; x_wconf 90' lang='lat' dir='ltr'>in</span> <span class='ocrx_word' id='word_1_79' title='bbox 737 1982 900 2046; x_wconf 92' lang='lat' dir='ltr'>dominico</span> <span class='ocrx_word' id='word_1_80' title='bbox 915 2003 973 2046; x_wconf 91' lang='lat' dir='ltr'>suo</span> <span class='ocrx_word' id='word_1_81' title='bbox 988 1989 1026 2046; x_wconf 92' lang='lat' dir='ltr'>ut</span> <span class='ocrx_word' id='word_1_82' title='bbox 1039 1983 1192 2048; x_wconf 92' lang='lat' dir='ltr'>delibero</span> <span class='ocrx_word' id='word_1_83' title='bbox 1207 1993 1404 2064; x_wconf 75' lang='lat' dir='ltr'>tenemento,</span> <span class='ocrx_word' id='word_1_84' title='bbox 1431 1992 1465 2048; x_wconf 91' lang='lat' dir='ltr'>et</span> <span class='ocrx_word' id='word_1_85' title='bbox 1491 1989 1603 2048; x_wconf 84' lang='lat' dir='ltr'>tenent</span> <span class='ocrx_word' id='word_1_86' title='bbox 1627 2003 1685 2048; x_wconf 88' lang='lat' dir='ltr'>sen</span> <span class='ocrx_word' id='word_1_87' title='bbox 1711 1989 1802 2048; x_wconf 89' lang='lat' dir='ltr'>tenet</span> <span class='ocrx_word' id='word_1_88' title='bbox 1825 1984 1921 2048; x_wconf 95' lang='lat' dir='ltr'>modo</span> <span class='ocrx_word' id='word_1_89' title='bbox 1944 1989 1979 2049; x_wconf 84' lang='lat' dir='ltr'>et</span> 
     </span>
     <span class='ocr_line' id='line_1_10' title="bbox 478 2066 1188 2153; baseline 0.007 -23"><span class='ocrx_word' id='word_1_90' title='bbox 478 2066 580 2132; x_wconf 86' lang='lat' dir='ltr'>forma</span> <span class='ocrx_word' id='word_1_91' title='bbox 595 2070 652 2153; x_wconf 91' lang='lat' dir='ltr'>qui</span> <span class='ocrx_word' id='word_1_92' title='bbox 667 2075 855 2151; x_wconf 90' lang='lat' dir='ltr'>sequuntur,</span> <span class='ocrx_word' id='word_1_93' title='bbox 869 2070 1024 2134; x_wconf 90' lang='lat' dir='ltr'>videlicet</span> <span class='ocrx_word' id='word_1_94' title='bbox 1038 2071 1124 2153; x_wconf 92' lang='lat' dir='ltr'>quod</span> <span class='ocrx_word' id='word_1_95' title='bbox 1137 2095 1188 2135; x_wconf 88' lang='lat'>:-</span> 
     </span>
    </p>
   </div>
   <div class='ocr_carea' id='block_1_3' title="bbox 478 2256 1981 2518">
    <p class='ocr_par' dir='ltr' id='par_1_3' title="bbox 478 2256 1981 2518">
     <span class='ocr_line' id='line_1_11' title="bbox 522 2256 1981 2342; baseline 0.003 -24"><span class='ocrx_word' id='word_1_96' title='bbox 522 2257 683 2322; x_wconf 84' lang='lat' dir='ltr'>Walterns</span> <span class='ocrx_word' id='word_1_97' title='bbox 696 2256 810 2342; x_wconf 86' lang='lat' dir='ltr'>Nyohe</span> <span class='ocrx_word' id='word_1_98' title='bbox 824 2263 916 2322; x_wconf 90' lang='lat' dir='ltr'>tenet</span> <span class='ocrx_word' id='word_1_99' title='bbox 930 2259 1107 2323; x_wconf 78' lang='lat' dir='ltr'>inmediate</span> <span class='ocrx_word' id='word_1_100' title='bbox 1122 2258 1163 2322; x_wconf 91' lang='lat' dir='ltr'>de</span> <span class='ocrx_word' id='word_1_101' title='bbox 1177 2258 1348 2323; x_wconf 88' lang='lat' dir='ltr'>heredibus</span> <span class='ocrx_word' id='word_1_102' title='bbox 1363 2259 1492 2322; x_wconf 90' lang='lat' dir='ltr'>comitis</span> <span class='ocrx_word' id='word_1_103' title='bbox 1508 2258 1679 2323; x_wconf 89' lang='lat' dir='ltr'>Warennie</span> <span class='ocrx_word' id='word_1_104' title='bbox 1706 2261 1793 2324; x_wconf 83' lang='lat' dir='ltr'>certa</span> <span class='ocrx_word' id='word_1_105' title='bbox 1817 2263 1919 2322; x_wconf 86' lang='lat' dir='ltr'>terras</span> <span class='ocrx_word' id='word_1_106' title='bbox 1945 2263 1981 2323; x_wconf 85' lang='lat' dir='ltr'>et</span> 
     </span>
     <span class='ocr_line' id='line_1_12' title="bbox 478 2345 1981 2431; baseline 0.003 -25"><span class='ocrx_word' id='word_1_107' title='bbox 478 2347 670 2408; x_wconf 83' lang='lat' dir='ltr'>tenemento</span> <span class='ocrx_word' id='word_1_108' title='bbox 684 2346 719 2408; x_wconf 91' lang='lat' dir='ltr'>in</span> <span class='ocrx_word' id='word_1_109' title='bbox 734 2346 890 2411; x_wconf 73' lang='lat' dir='ltr'>Daemon</span> <span class='ocrx_word' id='word_1_110' title='bbox 907 2352 941 2408; x_wconf 90' lang='lat' dir='ltr'>et</span> <span class='ocrx_word' id='word_1_111' title='bbox 956 2347 1148 2425; x_wconf 62' lang='lat' dir='ltr'>Tavsasssa</span> <span class='ocrx_word' id='word_1_112' title='bbox 1165 2367 1228 2431; x_wconf 90' lang='lat' dir='ltr'>que</span> <span class='ocrx_word' id='word_1_113' title='bbox 1242 2366 1346 2431; x_wconf 88' lang='lat' dir='ltr'>nuper</span> <span class='ocrx_word' id='word_1_114' title='bbox 1360 2347 1494 2411; x_wconf 85' lang='lat' dir='ltr'>fuerunt</span> <span class='ocrx_word' id='word_1_115' title='bbox 1509 2345 1650 2410; x_wconf 91' lang='lat' dir='ltr'>Baldrici</span> <span class='ocrx_word' id='word_1_116' title='bbox 1666 2346 1707 2411; x_wconf 89' lang='lat' dir='ltr'>dc</span> <span class='ocrx_word' id='word_1_117' title='bbox 1722 2345 1902 2410; x_wconf 84' lang='lat' dir='ltr'>Taverham</span> <span class='ocrx_word' id='word_1_118' title='bbox 1923 2367 1981 2431; x_wconf 92' lang='lat' dir='ltr'>per</span> 
     </span>
     <span class='ocr_line' id='line_1_13' title="bbox 479 2432 989 2518; baseline 0.01 -24"><span class='ocrx_word' id='word_1_119' title='bbox 479 2433 651 2495; x_wconf 81' lang='lat' dir='ltr'>servicium</span> <span class='ocrx_word' id='word_1_120' title='bbox 665 2432 849 2496; x_wconf 83' lang='lat' dir='ltr'>medietatis</span> <span class='ocrx_word' id='word_1_121' title='bbox 863 2434 888 2518; x_wconf 86' lang='lat' dir='ltr'>j.</span> <span class='ocrx_word' id='word_1_122' title='bbox 905 2433 929 2498; x_wconf 90' lang='lat' dir='ltr'>f.</span> <span class='ocrx_word' id='word_1_123' title='bbox 944 2456 989 2499; x_wconf 92' lang='lat' dir='ltr'>m.</span> 
     </span>
    </p>
   </div>
   <div class='ocr_carea' id='block_1_4' title="bbox 480 2568 1983 2832">
    <p class='ocr_par' dir='ltr' id='par_1_4' title="bbox 480 2568 1983 2832">
     <span class='ocr_line' id='line_1_14' title="bbox 523 2568 1982 2654; baseline 0.001 -20"><span class='ocrx_word' id='word_1_124' title='bbox 523 2571 629 2634; x_wconf 86' lang='lat' dir='ltr'>Alicia</span> <span class='ocrx_word' id='word_1_125' title='bbox 643 2570 777 2654; x_wconf 83' lang='lat' dir='ltr'>Gurnay</span> <span class='ocrx_word' id='word_1_126' title='bbox 792 2577 884 2636; x_wconf 84' lang='lat' dir='ltr'>tenet</span> <span class='ocrx_word' id='word_1_127' title='bbox 898 2571 1078 2636; x_wconf 90' lang='lat' dir='ltr'>inmediate</span> <span class='ocrx_word' id='word_1_128' title='bbox 1094 2571 1135 2634; x_wconf 93' lang='lat' dir='ltr'>de</span> <span class='ocrx_word' id='word_1_129' title='bbox 1150 2568 1322 2635; x_wconf 82' lang='lat' dir='ltr'>heredibus</span> <span class='ocrx_word' id='word_1_130' title='bbox 1337 2571 1496 2636; x_wconf 91' lang='lat' dir='ltr'>Willelmi</span> <span class='ocrx_word' id='word_1_131' title='bbox 1511 2569 1692 2636; x_wconf 86' lang='lat' dir='ltr'>Mareschal</span> <span class='ocrx_word' id='word_1_132' title='bbox 1708 2576 1795 2636; x_wconf 88' lang='lat' dir='ltr'>certa</span> <span class='ocrx_word' id='word_1_133' title='bbox 1820 2581 1921 2636; x_wconf 81' lang='lat' dir='ltr'>terras</span> <span class='ocrx_word' id='word_1_134' title='bbox 1948 2576 1982 2636; x_wconf 84' lang='lat' dir='ltr'>et</span> 
     </span>
     <span class='ocr_line' id='line_1_15' title="bbox 481 2657 1983 2743; baseline 0.001 -21"><span class='ocrx_word' id='word_1_135' title='bbox 481 2663 667 2722; x_wconf 75' lang='lat' dir='ltr'>tenemento</span> <span class='ocrx_word' id='word_1_136' title='bbox 693 2660 728 2722; x_wconf 89' lang='lat' dir='ltr'>iu</span> <span class='ocrx_word' id='word_1_137' title='bbox 755 2659 912 2724; x_wconf 79' lang='lat' dir='ltr'>Dasmou</span> <span class='ocrx_word' id='word_1_138' title='bbox 937 2664 971 2722; x_wconf 90' lang='lat' dir='ltr'>et</span> <span class='ocrx_word' id='word_1_139' title='bbox 996 2659 1189 2738; x_wconf 73' lang='lat' dir='ltr'>Taunum,</span> <span class='ocrx_word' id='word_1_140' title='bbox 1214 2679 1277 2741; x_wconf 89' lang='lat' dir='ltr'>que</span> <span class='ocrx_word' id='word_1_141' title='bbox 1291 2679 1395 2742; x_wconf 89' lang='lat' dir='ltr'>nuper</span> <span class='ocrx_word' id='word_1_142' title='bbox 1409 2659 1543 2723; x_wconf 87' lang='lat' dir='ltr'>fuerunt</span> <span class='ocrx_word' id='word_1_143' title='bbox 1558 2657 1742 2723; x_wconf 83' lang='lat' dir='ltr'>Elizabethe</span> <span class='ocrx_word' id='word_1_144' title='bbox 1757 2657 1912 2737; x_wconf 88' lang='lat' dir='ltr'>Peverell‚</span> <span class='ocrx_word' id='word_1_145' title='bbox 1926 2679 1983 2743; x_wconf 89' lang='lat' dir='ltr'>per</span> 
     </span>
     <span class='ocr_line' id='line_1_16' title="bbox 480 2746 1240 2832; baseline 0.001 -22"><span class='ocrx_word' id='word_1_146' title='bbox 480 2746 651 2810; x_wconf 89' lang='lat' dir='ltr'>servicium</span> <span class='ocrx_word' id='word_1_147' title='bbox 665 2746 702 2832; x_wconf 88' lang='lat' dir='ltr'>ij.</span> <span class='ocrx_word' id='word_1_148' title='bbox 717 2746 741 2812; x_wconf 83' lang='lat' dir='ltr'>f.</span> <span class='ocrx_word' id='word_1_149' title='bbox 757 2767 802 2812; x_wconf 90' lang='lat' dir='ltr'>m.</span> <span class='ocrx_word' id='word_1_150' title='bbox 819 2751 854 2809; x_wconf 92' lang='lat' dir='ltr'>et</span> <span class='ocrx_word' id='word_1_151' title='bbox 868 2753 984 2829; x_wconf 89' lang='lat' dir='ltr'>quarte</span> <span class='ocrx_word' id='word_1_152' title='bbox 997 2747 1098 2830; x_wconf 87' lang='lat' dir='ltr'>pertis</span> <span class='ocrx_word' id='word_1_153' title='bbox 1107 2746 1136 2829; x_wconf 93' lang='lat' dir='ltr'>j.</span> <span class='ocrx_word' id='word_1_154' title='bbox 1152 2746 1176 2810; x_wconf 88' lang='lat' dir='ltr'>f.</span> <span class='ocrx_word' id='word_1_155' title='bbox 1194 2767 1240 2812; x_wconf 93' lang='lat' dir='ltr'>m.</span> 
     </span>
    </p>
   </div>
   <div class='ocr_carea' id='block_1_5' title="bbox 480 2881 1984 3142">
    <p class='ocr_par' dir='ltr' id='par_1_5' title="bbox 480 2881 1984 3142">
     <span class='ocr_line' id='line_1_17' title="bbox 524 2881 1984 2965; baseline 0.001 -19"><span class='ocrx_word' id='word_1_156' title='bbox 524 2883 628 2946; x_wconf 84' lang='lat' dir='ltr'>Alicia</span> <span class='ocrx_word' id='word_1_157' title='bbox 643 2881 777 2965; x_wconf 90' lang='lat' dir='ltr'>Gurnay</span> <span class='ocrx_word' id='word_1_158' title='bbox 791 2887 880 2946; x_wconf 89' lang='lat' dir='ltr'>tenet</span> <span class='ocrx_word' id='word_1_159' title='bbox 900 2883 1075 2947; x_wconf 90' lang='lat' dir='ltr'>inmediate</span> <span class='ocrx_word' id='word_1_160' title='bbox 1098 2883 1138 2947; x_wconf 94' lang='lat' dir='ltr'>de</span> <span class='ocrx_word' id='word_1_161' title='bbox 1163 2883 1336 2947; x_wconf 87' lang='lat' dir='ltr'>heredibus</span> <span class='ocrx_word' id='word_1_162' title='bbox 1359 2882 1488 2947; x_wconf 91' lang='lat' dir='ltr'>comitis</span> <span class='ocrx_word' id='word_1_163' title='bbox 1514 2881 1687 2947; x_wconf 86' lang='lat' dir='ltr'>Herfordie</span> <span class='ocrx_word' id='word_1_164' title='bbox 1713 2886 1801 2948; x_wconf 86' lang='lat' dir='ltr'>certa</span> <span class='ocrx_word' id='word_1_165' title='bbox 1826 2888 1925 2948; x_wconf 91' lang='lat' dir='ltr'>terras</span> <span class='ocrx_word' id='word_1_166' title='bbox 1950 2888 1984 2948; x_wconf 87' lang='lat' dir='ltr'>et</span> 
     </span>
     <span class='ocr_line' id='line_1_18' title="bbox 480 2968 1982 3142; baseline 0.002 -109"><span class='ocrx_word' id='word_1_167' title='bbox 480 2976 669 3123; x_wconf 52' lang='lat' dir='ltr'>ffipppespptp:</span> <span class='ocrx_word' id='word_1_168' title='bbox 677 2971 944 3142; x_wconf 56' lang='lat' dir='ltr'>Jianlrplvnasrou</span> <span class='ocrx_word' id='word_1_169' title='bbox 961 2992 1023 3056; x_wconf 89' lang='lat' dir='ltr'>que</span> <span class='ocrx_word' id='word_1_170' title='bbox 1037 2991 1141 3055; x_wconf 88' lang='lat' dir='ltr'>nuper</span> <span class='ocrx_word' id='word_1_171' title='bbox 1156 2968 1289 3035; x_wconf 86' lang='lat' dir='ltr'>fuerunt</span> <span class='ocrx_word' id='word_1_172' title='bbox 1309 2971 1444 3036; x_wconf 86' lang='lat' dir='ltr'>Roberti</span> <span class='ocrx_word' id='word_1_173' title='bbox 1466 2969 1507 3035; x_wconf 88' lang='lat' dir='ltr'>de</span> <span class='ocrx_word' id='word_1_174' title='bbox 1532 2970 1706 3050; x_wconf 85' lang='lat' dir='ltr'>Bemham‚</span> <span class='ocrx_word' id='word_1_175' title='bbox 1729 2992 1787 3056; x_wconf 91' lang='lat' dir='ltr'>per</span> <span class='ocrx_word' id='word_1_176' title='bbox 1812 2972 1982 3036; x_wconf 83' lang='lat' dir='ltr'>servicium</span> 
     </span>
    </p>
   </div>
   <div class='ocr_carea' id='block_1_6' title="bbox 481 3191 1984 3452">
    <p class='ocr_par' dir='ltr' id='par_1_6' title="bbox 481 3191 1984 3452">
     <span class='ocr_line' id='line_1_19' title="bbox 525 3191 1984 3272; baseline -0.001 -13"><span class='ocrx_word' id='word_1_177' title='bbox 525 3191 688 3259; x_wconf 88' lang='lat' dir='ltr'>Johannes</span> <span class='ocrx_word' id='word_1_178' title='bbox 713 3191 907 3272; x_wconf 82' lang='lat' dir='ltr'>Shardlowe‚</span> <span class='ocrx_word' id='word_1_179' title='bbox 923 3193 1027 3272; x_wconf 87' lang='lat' dir='ltr'>miles,</span> <span class='ocrx_word' id='word_1_180' title='bbox 1042 3198 1135 3258; x_wconf 91' lang='lat' dir='ltr'>tenet</span> <span class='ocrx_word' id='word_1_181' title='bbox 1157 3193 1339 3258; x_wconf 90' lang='lat' dir='ltr'>inmediate</span> <span class='ocrx_word' id='word_1_182' title='bbox 1362 3193 1402 3257; x_wconf 89' lang='lat' dir='ltr'>de</span> <span class='ocrx_word' id='word_1_183' title='bbox 1427 3192 1597 3257; x_wconf 91' lang='lat' dir='ltr'>heredibus</span> <span class='ocrx_word' id='word_1_184' title='bbox 1616 3193 1749 3258; x_wconf 86' lang='lat' dir='ltr'>Roberti</span> <span class='ocrx_word' id='word_1_185' title='bbox 1765 3192 1879 3257; x_wconf 83' lang='lat' dir='ltr'>Ufford</span> <span class='ocrx_word' id='word_1_186' title='bbox 1894 3199 1984 3258; x_wconf 87' lang='lat' dir='ltr'>certa</span> 
     </span>
     <span class='ocr_line' id='line_1_20' title="bbox 481 3280 1983 3366; baseline 0.001 -23"><span class='ocrx_word' id='word_1_187' title='bbox 481 3286 584 3343; x_wconf 86' lang='lat' dir='ltr'>terres</span> <span class='ocrx_word' id='word_1_188' title='bbox 597 3284 632 3344; x_wconf 87' lang='lat' dir='ltr'>et</span> <span class='ocrx_word' id='word_1_189' title='bbox 646 3285 835 3344; x_wconf 83' lang='lat' dir='ltr'>tenementa</span> <span class='ocrx_word' id='word_1_190' title='bbox 850 3283 886 3344; x_wconf 89' lang='lat' dir='ltr'>in</span> <span class='ocrx_word' id='word_1_191' title='bbox 901 3281 1076 3358; x_wconf 82' lang='lat' dir='ltr'>Hvusonn,</span> <span class='ocrx_word' id='word_1_192' title='bbox 1092 3301 1155 3366; x_wconf 90' lang='lat' dir='ltr'>que</span> <span class='ocrx_word' id='word_1_193' title='bbox 1171 3300 1275 3364; x_wconf 89' lang='lat' dir='ltr'>nuper</span> <span class='ocrx_word' id='word_1_194' title='bbox 1301 3282 1435 3345; x_wconf 84' lang='lat' dir='ltr'>luerunt</span> <span class='ocrx_word' id='word_1_195' title='bbox 1458 3281 1616 3345; x_wconf 90' lang='lat' dir='ltr'>Willelmi</span> <span class='ocrx_word' id='word_1_196' title='bbox 1639 3280 1766 3346; x_wconf 86' lang='lat' dir='ltr'>Bavent</span> <span class='ocrx_word' id='word_1_197' title='bbox 1789 3284 1823 3345; x_wconf 86' lang='lat' dir='ltr'>et</span> <span class='ocrx_word' id='word_1_198' title='bbox 1847 3281 1983 3346; x_wconf 88' lang='lat' dir='ltr'>Roberti</span> 
     </span>
     <span class='ocr_line' id='line_1_21' title="bbox 482 3367 1018 3452; baseline 0.009 -24"><span class='ocrx_word' id='word_1_199' title='bbox 482 3367 615 3450; x_wconf 86' lang='lat' dir='ltr'>Pavely,</span> <span class='ocrx_word' id='word_1_200' title='bbox 631 3387 688 3451; x_wconf 91' lang='lat' dir='ltr'>per</span> <span class='ocrx_word' id='word_1_201' title='bbox 704 3368 875 3431; x_wconf 88' lang='lat' dir='ltr'>servicium</span> <span class='ocrx_word' id='word_1_202' title='bbox 890 3368 915 3452; x_wconf 89' lang='lat' dir='ltr'>j.</span> <span class='ocrx_word' id='word_1_203' title='bbox 931 3369 955 3433; x_wconf 82' lang='lat' dir='ltr'>f.</span> <span class='ocrx_word' id='word_1_204' title='bbox 973 3389 1018 3433; x_wconf 88' lang='lat' dir='ltr'>m.</span> 
     </span>
    </p>
   </div>
   <div class='ocr_carea' id='block_1_7' title="bbox 526 3502 1986 3570">
    <p class='ocr_par' dir='ltr' id='par_1_7' title="bbox 526 3502 1986 3570">
     <span class='ocr_line' id='line_1_22' title="bbox 526 3502 1986 3570; baseline -0.002 0"><span class='ocrx_word' id='word_1_205' title='bbox 526 3505 674 3570; x_wconf 91' lang='lat' dir='ltr'>Oliverus</span> <span class='ocrx_word' id='word_1_206' title='bbox 689 3502 826 3569; x_wconf 84' lang='lat' dir='ltr'>Bardolf</span> <span class='ocrx_word' id='word_1_207' title='bbox 837 3507 928 3568; x_wconf 90' lang='lat' dir='ltr'>tenet</span> <span class='ocrx_word' id='word_1_208' title='bbox 942 3503 1123 3568; x_wconf 89' lang='lat' dir='ltr'>inmediate</span> <span class='ocrx_word' id='word_1_209' title='bbox 1139 3503 1178 3568; x_wconf 90' lang='lat' dir='ltr'>de</span> <span class='ocrx_word' id='word_1_210' title='bbox 1194 3502 1367 3569; x_wconf 88' lang='lat' dir='ltr'>heredibus</span> <span class='ocrx_word' id='word_1_211' title='bbox 1381 3503 1511 3568; x_wconf 84' lang='lat' dir='ltr'>comitis</span> <span class='ocrx_word' id='word_1_212' title='bbox 1526 3503 1710 3569; x_wconf 84' lang='lat' dir='ltr'>Leucastrie</span> <span class='ocrx_word' id='word_1_213' title='bbox 1726 3506 1814 3569; x_wconf 84' lang='lat' dir='ltr'>certa</span> <span class='ocrx_word' id='word_1_214' title='bbox 1829 3508 1929 3568; x_wconf 83' lang='lat' dir='ltr'>terras</span> <span class='ocrx_word' id='word_1_215' title='bbox 1951 3506 1986 3567; x_wconf 91' lang='lat' dir='ltr'>et</span> 
     </span>
    </p>
   </div>
   <div class='ocr_carea' id='block_1_8' title="bbox 481 3590 1985 3767">
    <p class='ocr_par' dir='ltr' id='par_1_8' title="bbox 481 3590 1985 3767">
     <span class='ocr_line' id='line_1_23' title="bbox 482 3590 1985 3744; baseline -0.003 -87"><span class='ocrx_word' id='word_1_216' title='bbox 482 3599 672 3744; x_wconf 73' lang='lat' dir='ltr'>tepementa</span> <span class='ocrx_word' id='word_1_217' title='bbox 699 3594 735 3655; x_wconf 91' lang='lat' dir='ltr'>in</span> <span class='ocrx_word' id='word_1_218' title='bbox 764 3594 984 3671; x_wconf 78' lang='lat' dir='ltr'>Faernussu,</span> <span class='ocrx_word' id='word_1_219' title='bbox 1014 3612 1078 3675; x_wconf 90' lang='lat' dir='ltr'>que</span> <span class='ocrx_word' id='word_1_220' title='bbox 1108 3612 1211 3675; x_wconf 90' lang='lat' dir='ltr'>nuper</span> <span class='ocrx_word' id='word_1_221' title='bbox 1241 3592 1375 3656; x_wconf 82' lang='lat' dir='ltr'>fuerunt</span> <span class='ocrx_word' id='word_1_222' title='bbox 1403 3590 1531 3655; x_wconf 85' lang='lat' dir='ltr'>Thome</span> <span class='ocrx_word' id='word_1_223' title='bbox 1561 3590 1705 3673; x_wconf 86' lang='lat' dir='ltr'>Bardolf,</span> <span class='ocrx_word' id='word_1_224' title='bbox 1731 3612 1788 3679; x_wconf 89' lang='lat' dir='ltr'>per</span> <span class='ocrx_word' id='word_1_225' title='bbox 1815 3593 1985 3656; x_wconf 87' lang='lat' dir='ltr'>servicium</span> 
     </span>
     <span class='ocr_line' id='line_1_24' title="bbox 481 3694 1277 3767; baseline -0.003 0"><span class='ocrx_word' id='word_1_226' title='bbox 481 3704 506 3767; x_wconf 82' lang='lat' dir='ltr'>J·</span> <span class='ocrx_word' id='word_1_227' title='bbox 538 3701 607 3746; x_wconf 78' lang='lat' dir='ltr'>·m·</span> <span class='ocrx_word' id='word_1_228' title='bbox 1275 3694 1277 3699; x_wconf 72' lang='grc'><strong>’</strong></span> 
     </span>
    </p>
   </div>
   <div class='ocr_carea' id='block_1_9' title="bbox 483 3815 1987 4077">
    <p class='ocr_par' dir='ltr' id='par_1_9' title="bbox 483 3815 1987 4077">
     <span class='ocr_line' id='line_1_25' title="bbox 525 3815 1987 3883; baseline -0.001 -1"><span class='ocrx_word' id='word_1_229' title='bbox 525 3818 695 3883; x_wconf 88' lang='lat' dir='ltr'>Predictus</span> <span class='ocrx_word' id='word_1_230' title='bbox 725 3815 872 3882; x_wconf 90' lang='lat' dir='ltr'>Oliverus</span> <span class='ocrx_word' id='word_1_231' title='bbox 899 3820 990 3880; x_wconf 87' lang='lat' dir='ltr'>tenet</span> <span class='ocrx_word' id='word_1_232' title='bbox 1021 3817 1201 3879; x_wconf 89' lang='lat' dir='ltr'>inmediate</span> <span class='ocrx_word' id='word_1_233' title='bbox 1229 3816 1271 3879; x_wconf 89' lang='lat' dir='ltr'>de</span> <span class='ocrx_word' id='word_1_234' title='bbox 1296 3818 1439 3880; x_wconf 78' lang='lat' dir='ltr'>manerio</span> <span class='ocrx_word' id='word_1_235' title='bbox 1469 3816 1510 3880; x_wconf 92' lang='lat' dir='ltr'>de</span> <span class='ocrx_word' id='word_1_236' title='bbox 1535 3816 1681 3880; x_wconf 85' lang='lat' dir='ltr'>Tunsted</span> <span class='ocrx_word' id='word_1_237' title='bbox 1708 3820 1796 3880; x_wconf 89' lang='lat' dir='ltr'>certa</span> <span class='ocrx_word' id='word_1_238' title='bbox 1823 3821 1926 3879; x_wconf 89' lang='lat' dir='ltr'>terras</span> <span class='ocrx_word' id='word_1_239' title='bbox 1952 3820 1987 3880; x_wconf 85' lang='lat' dir='ltr'>et</span> 
     </span>
     <span class='ocr_line' id='line_1_26' title="bbox 483 3902 1985 4077; baseline -0.001 -110"><span class='ocrx_word' id='word_1_240' title='bbox 483 3911 672 4059; x_wconf 50' lang='lat' dir='ltr'>ffiffilt</span> <span class='ocrx_word' id='word_1_241' title='bbox 686 3904 1003 4077; x_wconf 64' lang='lat' dir='ltr'>jinfSnrpruasvvouvrs,</span> <span class='ocrx_word' id='word_1_242' title='bbox 1029 3924 1092 3988; x_wconf 87' lang='lat' dir='ltr'>quo</span> <span class='ocrx_word' id='word_1_243' title='bbox 1117 3924 1221 3987; x_wconf 83' lang='lat' dir='ltr'>nuper</span> <span class='ocrx_word' id='word_1_244' title='bbox 1247 3903 1382 3968; x_wconf 82' lang='lat' dir='ltr'>fuerunt</span> <span class='ocrx_word' id='word_1_245' title='bbox 1404 3902 1529 3967; x_wconf 82' lang='lat' dir='ltr'>Thome</span> <span class='ocrx_word' id='word_1_246' title='bbox 1555 3902 1698 3981; x_wconf 81' lang='lat' dir='ltr'>Bardolf,</span> <span class='ocrx_word' id='word_1_247' title='bbox 1728 3924 1784 3988; x_wconf 90' lang='lat' dir='ltr'>per</span> <span class='ocrx_word' id='word_1_248' title='bbox 1813 3904 1985 3967; x_wconf 88' lang='lat' dir='ltr'>servicium</span> 
     </span>
    </p>
   </div>
   <div class='ocr_carea' id='block_1_10' title="bbox 527 4126 1825 4213">
    <p class='ocr_par' dir='ltr' id='par_1_10' title="bbox 527 4126 1825 4213">
     <span class='ocr_line' id='line_1_27' title="bbox 527 4126 1825 4213; baseline -0.001 -19"><span class='ocrx_word' id='word_1_249' title='bbox 527 4131 683 4195; x_wconf 88' lang='lat' dir='ltr'>Priorissa</span> <span class='ocrx_word' id='word_1_250' title='bbox 696 4130 737 4194; x_wconf 91' lang='lat' dir='ltr'>de</span> <span class='ocrx_word' id='word_1_251' title='bbox 752 4126 902 4193; x_wconf 77' lang='lat' dir='ltr'>Carbone</span> <span class='ocrx_word' id='word_1_252' title='bbox 916 4132 1007 4193; x_wconf 90' lang='lat' dir='ltr'>tenet</span> <span class='ocrx_word' id='word_1_253' title='bbox 1022 4130 1057 4191; x_wconf 90' lang='lat' dir='ltr'>in</span> <span class='ocrx_word' id='word_1_254' title='bbox 1073 4130 1249 4197; x_wconf 78' lang='lat' dir='ltr'>Wsorsssr</span> <span class='ocrx_word' id='word_1_255' title='bbox 1261 4130 1289 4213; x_wconf 89' lang='lat' dir='ltr'>j.</span> <span class='ocrx_word' id='word_1_256' title='bbox 1305 4127 1330 4195; x_wconf 84' lang='lat' dir='ltr'>f.</span> <span class='ocrx_word' id='word_1_257' title='bbox 1347 4150 1392 4194; x_wconf 93' lang='lat' dir='ltr'>m.</span> <span class='ocrx_word' id='word_1_258' title='bbox 1410 4147 1468 4212; x_wconf 92' lang='lat' dir='ltr'>pro</span> <span class='ocrx_word' id='word_1_259' title='bbox 1484 4148 1547 4213; x_wconf 90' lang='lat' dir='ltr'>quo</span> <span class='ocrx_word' id='word_1_260' title='bbox 1563 4127 1659 4191; x_wconf 87' lang='lat' dir='ltr'>solvit</span> <span class='ocrx_word' id='word_1_261' title='bbox 1676 4127 1825 4193; x_wconf 86' lang='lat' dir='ltr'>decimas.</span> 
     </span>
    </p>
   </div>
   <div class='ocr_carea' id='block_1_11' title="bbox 485 4264 1988 4616">
    <p class='ocr_par' dir='ltr' id='par_1_11' title="bbox 485 4264 1988 4616">
     <span class='ocr_line' id='line_1_28' title="bbox 528 4264 1988 4351; baseline -0.004 -17"><span class='ocrx_word' id='word_1_262' title='bbox 528 4268 690 4334; x_wconf 88' lang='lat' dir='ltr'>Johannes</span> <span class='ocrx_word' id='word_1_263' title='bbox 700 4267 846 4351; x_wconf 88' lang='lat' dir='ltr'>Jermyn‚</span> <span class='ocrx_word' id='word_1_264' title='bbox 858 4265 965 4342; x_wconf 87' lang='lat' dir='ltr'>miles,</span> <span class='ocrx_word' id='word_1_265' title='bbox 972 4266 1012 4329; x_wconf 92' lang='lat' dir='ltr'>de</span> <span class='ocrx_word' id='word_1_266' title='bbox 1026 4267 1099 4351; x_wconf 79' lang='lat' dir='ltr'>jure</span> <span class='ocrx_word' id='word_1_267' title='bbox 1108 4265 1268 4350; x_wconf 86' lang='lat' dir='ltr'>Margerie</span> <span class='ocrx_word' id='word_1_268' title='bbox 1280 4266 1385 4329; x_wconf 84' lang='lat' dir='ltr'>uxoris</span> <span class='ocrx_word' id='word_1_269' title='bbox 1396 4285 1467 4345; x_wconf 86' lang='lat' dir='ltr'>sue,</span> <span class='ocrx_word' id='word_1_270' title='bbox 1478 4269 1569 4330; x_wconf 90' lang='lat' dir='ltr'>tenet</span> <span class='ocrx_word' id='word_1_271' title='bbox 1578 4265 1757 4329; x_wconf 90' lang='lat' dir='ltr'>inmediate</span> <span class='ocrx_word' id='word_1_272' title='bbox 1766 4266 1807 4329; x_wconf 91' lang='lat' dir='ltr'>de</span> <span class='ocrx_word' id='word_1_273' title='bbox 1816 4264 1988 4329; x_wconf 88' lang='lat' dir='ltr'>heredibus</span> 
     </span>
     <span class='ocr_line' id='line_1_29' title="bbox 485 4352 1988 4439; baseline -0.005 -15"><span class='ocrx_word' id='word_1_274' title='bbox 485 4357 644 4424; x_wconf 82' lang='lat' dir='ltr'>Johennis</span> <span class='ocrx_word' id='word_1_275' title='bbox 669 4356 891 4439; x_wconf 88' lang='lat' dir='ltr'>Mounteneye</span> <span class='ocrx_word' id='word_1_276' title='bbox 914 4360 1003 4416; x_wconf 88' lang='lat' dir='ltr'>certa</span> <span class='ocrx_word' id='word_1_277' title='bbox 1025 4362 1128 4416; x_wconf 90' lang='lat' dir='ltr'>terras</span> <span class='ocrx_word' id='word_1_278' title='bbox 1153 4360 1187 4417; x_wconf 90' lang='lat' dir='ltr'>et</span> <span class='ocrx_word' id='word_1_279' title='bbox 1213 4358 1401 4417; x_wconf 79' lang='lat' dir='ltr'>tenemento</span> <span class='ocrx_word' id='word_1_280' title='bbox 1416 4354 1451 4416; x_wconf 90' lang='lat' dir='ltr'>in</span> <span class='ocrx_word' id='word_1_281' title='bbox 1469 4352 1671 4431; x_wconf 83' lang='lat' dir='ltr'>Svsousvou,</span> <span class='ocrx_word' id='word_1_282' title='bbox 1689 4353 1828 4431; x_wconf 72' lang='lat' dir='ltr'>Cervos,</span> <span class='ocrx_word' id='word_1_283' title='bbox 1844 4355 1988 4432; x_wconf 79' lang='lat' dir='ltr'>Bassos,</span> 
     </span>
     <span class='ocr_line' id='line_1_30' title="bbox 485 4439 1987 4524; baseline -0.006 -13"><span class='ocrx_word' id='word_1_284' title='bbox 485 4446 673 4516; x_wconf 69' lang='lat' dir='ltr'>Waoxnsm</span> <span class='ocrx_word' id='word_1_285' title='bbox 687 4443 867 4507; x_wconf 81' lang='lat' dir='ltr'>Pnuusrsn</span> <span class='ocrx_word' id='word_1_286' title='bbox 881 4447 918 4505; x_wconf 91' lang='lat' dir='ltr'>et</span> <span class='ocrx_word' id='word_1_287' title='bbox 932 4441 1153 4517; x_wconf 71' lang='lat' dir='ltr'>Hssvucssm</span> <span class='ocrx_word' id='word_1_288' title='bbox 1167 4460 1231 4524; x_wconf 90' lang='lat' dir='ltr'>que</span> <span class='ocrx_word' id='word_1_289' title='bbox 1244 4461 1350 4524; x_wconf 87' lang='lat' dir='ltr'>nuper</span> <span class='ocrx_word' id='word_1_290' title='bbox 1365 4440 1498 4504; x_wconf 82' lang='lat' dir='ltr'>luerunt</span> <span class='ocrx_word' id='word_1_291' title='bbox 1513 4439 1677 4524; x_wconf 87' lang='lat' dir='ltr'>Arnulphi</span> <span class='ocrx_word' id='word_1_292' title='bbox 1703 4441 1743 4504; x_wconf 93' lang='lat' dir='ltr'>de</span> <span class='ocrx_word' id='word_1_293' title='bbox 1770 4440 1987 4524; x_wconf 87' lang='lat' dir='ltr'>Mounteneye</span> 
     </span>
     <span class='ocr_line' id='line_1_31' title="bbox 486 4528 1242 4616; baseline -0.005 -20"><span class='ocrx_word' id='word_1_294' title='bbox 486 4552 544 4616; x_wconf 91' lang='lat' dir='ltr'>per</span> <span class='ocrx_word' id='word_1_295' title='bbox 559 4532 730 4595; x_wconf 85' lang='lat' dir='ltr'>servicium</span> <span class='ocrx_word' id='word_1_296' title='bbox 746 4530 849 4593; x_wconf 90' lang='lat' dir='ltr'>trium</span> <span class='ocrx_word' id='word_1_297' title='bbox 864 4529 1101 4612; x_wconf 88' lang='lat' dir='ltr'>quarteriorum</span> <span class='ocrx_word' id='word_1_298' title='bbox 1116 4528 1140 4606; x_wconf 82' lang='lat' dir='ltr'>i.</span> <span class='ocrx_word' id='word_1_299' title='bbox 1157 4528 1180 4592; x_wconf 83' lang='lat' dir='ltr'>f.</span> <span class='ocrx_word' id='word_1_300' title='bbox 1196 4548 1242 4592; x_wconf 88' lang='lat' dir='ltr'>m.</span> 
     </span>
    </p>
   </div>
   <div class='ocr_carea' id='block_1_12' title="bbox 485 4662 1990 4926">
    <p class='ocr_par' dir='ltr' id='par_1_12' title="bbox 485 4662 1990 4926">
     <span class='ocr_line' id='line_1_32' title="bbox 530 4662 1990 4742; baseline -0.003 -11"><span class='ocrx_word' id='word_1_301' title='bbox 530 4669 625 4732; x_wconf 87' lang='lat' dir='ltr'>Anna</span> <span class='ocrx_word' id='word_1_302' title='bbox 648 4667 760 4731; x_wconf 85' lang='lat' dir='ltr'>Bovet</span> <span class='ocrx_word' id='word_1_303' title='bbox 781 4670 875 4729; x_wconf 88' lang='lat' dir='ltr'>tenet</span> <span class='ocrx_word' id='word_1_304' title='bbox 898 4665 1077 4730; x_wconf 90' lang='lat' dir='ltr'>inmediate</span> <span class='ocrx_word' id='word_1_305' title='bbox 1103 4665 1143 4728; x_wconf 89' lang='lat' dir='ltr'>de</span> <span class='ocrx_word' id='word_1_306' title='bbox 1170 4663 1343 4742; x_wconf 90' lang='lat' dir='ltr'>Willelmo,</span> <span class='ocrx_word' id='word_1_307' title='bbox 1369 4664 1489 4727; x_wconf 90' lang='lat' dir='ltr'>comite</span> <span class='ocrx_word' id='word_1_308' title='bbox 1515 4662 1687 4741; x_wconf 74' lang='lat' dir='ltr'>Suffollde,</span> <span class='ocrx_word' id='word_1_309' title='bbox 1712 4668 1800 4729; x_wconf 85' lang='lat' dir='ltr'>certa</span> <span class='ocrx_word' id='word_1_310' title='bbox 1825 4670 1925 4728; x_wconf 89' lang='lat' dir='ltr'>terras</span> <span class='ocrx_word' id='word_1_311' title='bbox 1954 4668 1990 4727; x_wconf 87' lang='lat' dir='ltr'>et</span> 
     </span>
     <span class='ocr_line' id='line_1_33' title="bbox 485 4750 1988 4926; baseline -0.001 -109"><span class='ocrx_word' id='word_1_312' title='bbox 485 4754 746 4926; x_wconf 41' lang='lat' dir='ltr'>mill-125³}</span> <span class='ocrx_word' id='word_1_313' title='bbox 767 4753 967 4902; x_wconf 46' lang='lat' dir='ltr'>{ouercam</span> <span class='ocrx_word' id='word_1_314' title='bbox 995 4773 1057 4837; x_wconf 91' lang='lat' dir='ltr'>que</span> <span class='ocrx_word' id='word_1_315' title='bbox 1087 4772 1191 4836; x_wconf 90' lang='lat' dir='ltr'>nuper</span> <span class='ocrx_word' id='word_1_316' title='bbox 1226 4752 1361 4816; x_wconf 82' lang='lat' dir='ltr'>fuerunt</span> <span class='ocrx_word' id='word_1_317' title='bbox 1397 4750 1532 4817; x_wconf 86' lang='lat' dir='ltr'>Roberti</span> <span class='ocrx_word' id='word_1_318' title='bbox 1569 4751 1695 4830; x_wconf 82' lang='lat' dir='ltr'>Ufford‚</span> <span class='ocrx_word' id='word_1_319' title='bbox 1724 4773 1780 4837; x_wconf 90' lang='lat' dir='ltr'>per</span> <span class='ocrx_word' id='word_1_320' title='bbox 1816 4751 1988 4817; x_wconf 87' lang='lat' dir='ltr'>servicium</span> 
     </span>
    </p>
   </div>
   <div class='ocr_carea' id='block_1_13' title="bbox 528 4973 1695 5064">
    <p class='ocr_par' dir='ltr' id='par_1_13' title="bbox 528 4973 1695 5064">
     <span class='ocr_line' id='line_1_34' title="bbox 528 4973 1695 5064; baseline -0.003 -18"><span class='ocrx_word' id='word_1_321' title='bbox 528 4982 653 5045; x_wconf 85' lang='lat' dir='ltr'>Dicunt</span> <span class='ocrx_word' id='word_1_322' title='bbox 665 4980 769 5044; x_wconf 84' lang='lat' dir='ltr'>eciem</span> <span class='ocrx_word' id='word_1_323' title='bbox 782 4978 940 5064; x_wconf 77' lang='lat' dir='ltr'>juratores</span> <span class='ocrx_word' id='word_1_324' title='bbox 954 4973 1092 5060; x_wconf 88' lang='lat' dir='ltr'>predicti</span> <span class='ocrx_word' id='word_1_325' title='bbox 1108 4977 1195 5061; x_wconf 91' lang='lat' dir='ltr'>quod</span> <span class='ocrx_word' id='word_1_326' title='bbox 1211 4975 1302 5040; x_wconf 91' lang='lat' dir='ltr'>nulle</span> <span class='ocrx_word' id='word_1_327' title='bbox 1318 4981 1396 5040; x_wconf 86' lang='lat' dir='ltr'>sunt</span> <span class='ocrx_word' id='word_1_328' title='bbox 1410 4976 1474 5039; x_wconf 88' lang='lat' dir='ltr'>alie</span> <span class='ocrx_word' id='word_1_329' title='bbox 1489 4996 1624 5060; x_wconf 91' lang='lat' dir='ltr'>persone</span> <span class='ocrx_word' id='word_1_330' title='bbox 1638 4974 1695 5043; x_wconf 78' lang='lat' dir='ltr'>&amp;o</span> 
     </span>
    </p>
   </div>
   <div class='ocr_carea' id='block_1_14' title="bbox 846 5260 1641 5327">
    <p class='ocr_par' dir='ltr' id='par_1_14' title="bbox 846 5260 1641 5327">
     <span class='ocr_line' id='line_1_35' title="bbox 846 5260 1641 5327; baseline -0.004 -1"><span class='ocrx_word' id='word_1_331' title='bbox 846 5262 1066 5327; x_wconf 81' lang='lat' dir='ltr'>Huuuaanuu</span> <span class='ocrx_word' id='word_1_332' title='bbox 1090 5282 1133 5326; x_wconf 85' lang='lat' dir='ltr'>ns</span> <span class='ocrx_word' id='word_1_333' title='bbox 1156 5260 1309 5327; x_wconf 82' lang='lat' dir='ltr'><strong>NORTH</strong></span> <span class='ocrx_word' id='word_1_334' title='bbox 1333 5260 1641 5327; x_wconf 84' lang='lat' dir='ltr'>GRENEHOWE.</span> 
     </span>
    </p>
   </div>
   <div class='ocr_carea' id='block_1_15' title="bbox 488 5418 1994 6039">
    <p class='ocr_par' dir='ltr' id='par_1_15' title="bbox 488 5418 1994 6039">
     <span class='ocr_line' id='line_1_36' title="bbox 532 5418 1990 5511; baseline -0.006 -21"><span class='ocrx_word' id='word_1_335' title='bbox 532 5427 711 5511; x_wconf 91' lang='lat' dir='ltr'>Inquisicio</span> <span class='ocrx_word' id='word_1_336' title='bbox 740 5428 836 5507; x_wconf 87' lang='lat' dir='ltr'>capta</span> <span class='ocrx_word' id='word_1_337' title='bbox 863 5423 951 5505; x_wconf 90' lang='lat' dir='ltr'>apud</span> <span class='ocrx_word' id='word_1_338' title='bbox 980 5420 1213 5507; x_wconf 86' lang='lat' dir='ltr'>Walsyngham</span> <span class='ocrx_word' id='word_1_339' title='bbox 1241 5422 1296 5485; x_wconf 91' lang='lat' dir='ltr'>die</span> <span class='ocrx_word' id='word_1_340' title='bbox 1325 5422 1416 5488; x_wconf 84' lang='lat' dir='ltr'>Jovis</span> <span class='ocrx_word' id='word_1_341' title='bbox 1445 5424 1592 5505; x_wconf 86' lang='lat' dir='ltr'>proxima</span> <span class='ocrx_word' id='word_1_342' title='bbox 1621 5425 1696 5503; x_wconf 89' lang='lat' dir='ltr'>post</span> <span class='ocrx_word' id='word_1_343' title='bbox 1724 5420 1847 5483; x_wconf 89' lang='lat' dir='ltr'>festum</span> <span class='ocrx_word' id='word_1_344' title='bbox 1878 5418 1990 5483; x_wconf 82' lang='lat' dir='ltr'>Sancti</span> 
     </span>
     <span class='ocr_line' id='line_1_37' title="bbox 489 5508 1991 5603; baseline -0.007 -24"><span class='ocrx_word' id='word_1_345' title='bbox 489 5514 636 5579; x_wconf 89' lang='lat' dir='ltr'>Barnabe</span> <span class='ocrx_word' id='word_1_346' title='bbox 657 5510 796 5595; x_wconf 78' lang='lat' dir='ltr'>apostoli</span> <span class='ocrx_word' id='word_1_347' title='bbox 819 5511 1022 5603; x_wconf 58' lang='lat' dir='ltr'>annopegni</span> <span class='ocrx_word' id='word_1_348' title='bbox 1046 5510 1133 5592; x_wconf 86' lang='lat' dir='ltr'>regis</span> <span class='ocrx_word' id='word_1_349' title='bbox 1157 5508 1292 5572; x_wconf 90' lang='lat' dir='ltr'>Henrici</span> <span class='ocrx_word' id='word_1_350' title='bbox 1318 5510 1400 5572; x_wconf 86' lang='lat' dir='ltr'>sexti</span> <span class='ocrx_word' id='word_1_351' title='bbox 1424 5516 1499 5592; x_wconf 89' lang='lat' dir='ltr'>post</span> <span class='ocrx_word' id='word_1_352' title='bbox 1520 5514 1732 5594; x_wconf 87' lang='lat' dir='ltr'>conquestum</span> <span class='ocrx_word' id='word_1_353' title='bbox 1763 5512 1854 5569; x_wconf 84' lang='lat' dir='ltr'>sexto</span> <span class='ocrx_word' id='word_1_354' title='bbox 1883 5526 1991 5570; x_wconf 90' lang='lat' dir='ltr'>coram</span> 
     </span>
     <span class='ocr_line' id='line_1_38' title="bbox 489 5594 1991 5680; baseline -0.005 -15"><span class='ocrx_word' id='word_1_355' title='bbox 489 5601 645 5667; x_wconf 84' lang='lat' dir='ltr'>Nicholeo</span> <span class='ocrx_word' id='word_1_356' title='bbox 660 5598 791 5677; x_wconf 83' lang='lat' dir='ltr'>Castell,</span> <span class='ocrx_word' id='word_1_357' title='bbox 806 5598 949 5661; x_wconf 87' lang='lat' dir='ltr'>Henrico</span> <span class='ocrx_word' id='word_1_358' title='bbox 963 5596 1092 5680; x_wconf 85' lang='lat' dir='ltr'>Walpol</span> <span class='ocrx_word' id='word_1_359' title='bbox 1107 5602 1143 5660; x_wconf 90' lang='lat' dir='ltr'>et</span> <span class='ocrx_word' id='word_1_360' title='bbox 1158 5598 1254 5659; x_wconf 88' lang='lat' dir='ltr'>sociis</span> <span class='ocrx_word' id='word_1_361' title='bbox 1270 5598 1336 5659; x_wconf 89' lang='lat' dir='ltr'>suis</span> <span class='ocrx_word' id='word_1_362' title='bbox 1351 5596 1578 5661; x_wconf 90' lang='lat' dir='ltr'>collectoribus</span> <span class='ocrx_word' id='word_1_363' title='bbox 1594 5594 1728 5659; x_wconf 89' lang='lat' dir='ltr'>subsidii</span> <span class='ocrx_word' id='word_1_364' title='bbox 1753 5594 1879 5657; x_wconf 88' lang='lat' dir='ltr'>domini</span> <span class='ocrx_word' id='word_1_365' title='bbox 1904 5596 1991 5679; x_wconf 85' lang='lat' dir='ltr'>regis</span> 
     </span>
     <span class='ocr_line' id='line_1_39' title="bbox 488 5678 1993 5772; baseline -0.006 -18"><span class='ocrx_word' id='word_1_366' title='bbox 488 5691 524 5753; x_wconf 89' lang='lat' dir='ltr'>in</span> <span class='ocrx_word' id='word_1_367' title='bbox 550 5692 670 5754; x_wconf 91' lang='lat' dir='ltr'>ultimo</span> <span class='ocrx_word' id='word_1_368' title='bbox 695 5686 907 5772; x_wconf 89' lang='lat' dir='ltr'>parliamento</span> <span class='ocrx_word' id='word_1_369' title='bbox 932 5703 989 5747; x_wconf 90' lang='lat' dir='ltr'>suo</span> <span class='ocrx_word' id='word_1_370' title='bbox 1014 5684 1101 5767; x_wconf 84' lang='lat' dir='ltr'>apud</span> <span class='ocrx_word' id='word_1_371' title='bbox 1116 5682 1443 5747; x_wconf 79' lang='lat' dir='ltr'>westmonasterium</span> <span class='ocrx_word' id='word_1_372' title='bbox 1463 5684 1498 5747; x_wconf 88' lang='lat' dir='ltr'>in</span> <span class='ocrx_word' id='word_1_373' title='bbox 1513 5684 1679 5768; x_wconf 90' lang='lat' dir='ltr'>quindena</span> <span class='ocrx_word' id='word_1_374' title='bbox 1693 5681 1805 5745; x_wconf 84' lang='lat' dir='ltr'>Sancti</span> <span class='ocrx_word' id='word_1_375' title='bbox 1821 5678 1993 5745; x_wconf 86' lang='lat' dir='ltr'>Michaelis</span> 
     </span>
     <span class='ocr_line' id='line_1_40' title="bbox 488 5768 1994 5860; baseline -0.007 -19"><span class='ocrx_word' id='word_1_376' title='bbox 488 5778 606 5841; x_wconf 92' lang='lat' dir='ltr'>ultimo</span> <span class='ocrx_word' id='word_1_377' title='bbox 630 5775 788 5860; x_wconf 88' lang='lat' dir='ltr'>preterita</span> <span class='ocrx_word' id='word_1_378' title='bbox 811 5777 905 5836; x_wconf 88' lang='lat' dir='ltr'>tento</span> <span class='ocrx_word' id='word_1_379' title='bbox 928 5772 1071 5836; x_wconf 91' lang='lat' dir='ltr'>concessi</span> <span class='ocrx_word' id='word_1_380' title='bbox 1085 5792 1143 5856; x_wconf 91' lang='lat' dir='ltr'>per</span> <span class='ocrx_word' id='word_1_381' title='bbox 1158 5776 1394 5835; x_wconf 90' lang='lat' dir='ltr'>sacramentum</span> <span class='ocrx_word' id='word_1_382' title='bbox 1411 5770 1543 5836; x_wconf 91' lang='lat' dir='ltr'>Roberti</span> <span class='ocrx_word' id='word_1_383' title='bbox 1558 5772 1697 5855; x_wconf 87' lang='lat' dir='ltr'>Kyrton,</span> <span class='ocrx_word' id='word_1_384' title='bbox 1711 5769 1845 5835; x_wconf 87' lang='lat' dir='ltr'>Roberti</span> <span class='ocrx_word' id='word_1_385' title='bbox 1862 5768 1994 5854; x_wconf 82' lang='lat' dir='ltr'>Hogon,</span> 
     </span>
     <span class='ocr_line' id='line_1_41' title="bbox 490 5855 1993 5943; baseline -0.005 -14"><span class='ocrx_word' id='word_1_386' title='bbox 490 5864 632 5931; x_wconf 89' lang='lat' dir='ltr'>Dionisii</span> <span class='ocrx_word' id='word_1_387' title='bbox 659 5862 795 5943; x_wconf 85' lang='lat' dir='ltr'>Butlrer,</span> <span class='ocrx_word' id='word_1_388' title='bbox 821 5859 979 5923; x_wconf 91' lang='lat' dir='ltr'>Willelmi</span> <span class='ocrx_word' id='word_1_389' title='bbox 1003 5859 1151 5937; x_wconf 82' lang='lat' dir='ltr'>Andreu,</span> <span class='ocrx_word' id='word_1_390' title='bbox 1176 5858 1312 5924; x_wconf 88' lang='lat' dir='ltr'>Walteri</span> <span class='ocrx_word' id='word_1_391' title='bbox 1339 5858 1493 5939; x_wconf 89' lang='lat' dir='ltr'>Osborne‚</span> <span class='ocrx_word' id='word_1_392' title='bbox 1521 5859 1679 5926; x_wconf 85' lang='lat' dir='ltr'>Jobannis</span> <span class='ocrx_word' id='word_1_393' title='bbox 1706 5856 1807 5936; x_wconf 86' lang='lat' dir='ltr'>Sterr,</span> <span class='ocrx_word' id='word_1_394' title='bbox 1834 5855 1993 5922; x_wconf 82' lang='lat' dir='ltr'>Johannis</span> 
     </span>
     <span class='ocr_line' id='line_1_42' title="bbox 491 5942 1993 6039; baseline -0.008 -21"><span class='ocrx_word' id='word_1_395' title='bbox 491 5952 627 6039; x_wconf 85' lang='lat' dir='ltr'>Speller‚</span> <span class='ocrx_word' id='word_1_396' title='bbox 642 5950 801 6014; x_wconf 90' lang='lat' dir='ltr'>Willelmi</span> <span class='ocrx_word' id='word_1_397' title='bbox 827 5946 959 6025; x_wconf 84' lang='lat' dir='ltr'>Sewale,</span> <span class='ocrx_word' id='word_1_398' title='bbox 984 5946 1143 6014; x_wconf 64' lang='lat' dir='ltr'>‚Iohannis</span> <span class='ocrx_word' id='word_1_399' title='bbox 1168 5946 1300 6025; x_wconf 88' lang='lat' dir='ltr'>Molott,</span> <span class='ocrx_word' id='word_1_400' title='bbox 1325 5945 1462 6010; x_wconf 88' lang='lat' dir='ltr'>Henrici</span> <span class='ocrx_word' id='word_1_401' title='bbox 1487 5946 1645 6031; x_wconf 86' lang='lat' dir='ltr'>Skynner,</span> <span class='ocrx_word' id='word_1_402' title='bbox 1669 5942 1819 6010; x_wconf 90' lang='lat' dir='ltr'>Nicholai</span> <span class='ocrx_word' id='word_1_403' title='bbox 1847 5944 1993 6025; x_wconf 85' lang='lat' dir='ltr'>Multon,</span> 
     </span>
    </p>
   </div>
   <div class='ocr_carea' id='block_1_16' title="bbox 0 0 2527 7044">
    <p class='ocr_par' dir='ltr' id='par_1_16' title="bbox 0 0 2527 7044">
     <span class='ocr_line' id='line_1_43' title="bbox 0 0 2527 7044; baseline 0 0"><span class='ocrx_word' id='word_1_404' title='bbox 0 0 2527 7044; x_wconf 95' lang='lat' dir='ltr'> </span> 
     </span>
    </p>
   </div>
  </div>
 </body>
</html>
