5000 7050
1131 1129 1215 1195 hl).
1240 1133 1335 1197 1428.
1921 1129 1983 1196 567

482 1421 720 1480 sacramentum
735 1436 832 1482 sunm
847 1417 934 1502 quod
947 1438 1061 1482 omnes
1076 1439 1211 1503 persone
1224 1419 1261 1483 in
1276 1421 1341 1484 ista
1354 1421 1570 1504 inquisicione
1584 1421 1753 1484 nominate
1769 1424 1846 1482 sunt
1872 1418 1983 1482 seisite

480 1509 515 1566 et
543 1505 776 1586 possessionste
804 1510 840 1569 et
870 1524 982 1569 earnm
1010 1506 1156 1588 quelibet
1184 1514 1236 1570 est
1265 1508 1377 1572 seisita
1407 1512 1442 1571 et
1478 1509 1717 1591 possessionats
1753 1506 1794 1569 de
1824 1506 1919 1570 terris
1948 1513 1984 1569 et

482 1592 679 1654 tenementis
701 1591 737 1654 in
760 1591 924 1656 dominico
947 1612 1005 1656 suo
1029 1599 1066 1657 nt
1088 1593 1130 1657 de
1155 1593 1258 1659 libero
1273 1598 1468 1674 tenemento,
1483 1597 1518 1659 et
1533 1600 1646 1660 tenent
1661 1613 1719 1658 seu
1733 1599 1825 1657 tenet
1838 1593 1936 1657 modo
1950 1597 1984 1658 et

482 1675 594 1756 forma,
609 1678 667 1762 qui
681 1684 873 1762 sequuntur,
886 1679 1038 1745 videlicet
1052 1679 1138 1765 quod
1147 1705 1203 1745 :-

525 1843 587 1907 iila
601 1843 717 1926 Gency
731 1846 765 1906 et
779 1840 921 1907 Thomas
935 1840 1106 1928 Stodhagh
1120 1848 1237 1909 tenent
1251 1845 1431 1910 inmediste
1446 1844 1487 1909 de
1502 1844 1635 1908 domino
1650 1863 1726 1930 rege
1741 1845 1922 1908 manerium
1944 1842 1985 1906 de

482 1931 680 2009 Heraeam,
717 1927 803 2015 quod
839 1950 942 2014 nuper
970 1929 1036 1994 fuit
1065 1929 1202 1996 Walteri
1231 1932 1274 1997 de
1303 1932 1450 1998 Walcote
1478 1937 1513 1998 et
1550 1931 1711 1997 Beatricis
1735 1931 1898 2010 Mauucel‚
1927 1951 1985 2014 per

482 2020 653 2087 servicium
669 2017 859 2082 medietatis
870 2017 896 2101 j.
912 2016 936 2083 i.
953 2039 999 2086 m.

526 2156 713 2240 Margareta
728 2161 762 2219 et
776 2153 882 2218 Aiicic
896 2153 963 2219 filie
977 2153 1096 2239 Rogeri
1110 2153 1238 2220 Roberd
1251 2161 1368 2221 tenent
1389 2157 1572 2221 inmediate
1593 2156 1633 2221 de
1648 2155 1829 2239 Radulpho‚
1854 2156 1986 2219 domino

483 2245 523 2308 de
550 2242 751 2320 Crumvelle,
764 2249 853 2306 certa
875 2247 979 2306 terras
1002 2250 1038 2306 et
1052 2249 1245 2308 tenemento
1258 2245 1292 2309 in
1309 2243 1452 2323 Eccnns,
1467 2263 1531 2329 que
1545 2264 1650 2328 nuper
1664 2243 1796 2308 fuerunt
1811 2243 1987 2308 Alexandri

483 2331 618 2409 (demet,
638 2350 696 2415 per
709 2330 884 2393 servicium
897 2330 1084 2396 medietatis
1099 2330 1122 2414 j.
1137 2329 1161 2396 i.
1176 2353 1223 2398 rn.

527 2469 677 2534 Oliverus
705 2465 896 2549 Mendham‚
920 2468 1068 2549 clericus,
1093 2474 1188 2534 tenet
1216 2469 1396 2535 inmediate
1424 2469 1465 2534 de
1493 2468 1583 2534 dicto
1608 2467 1759 2549 Radulio,
1784 2468 1917 2533 domino
1946 2466 1986 2530 de

484 2556 684 2637 Grnmvelle‚
706 2561 798 2620 certa
822 2567 924 2620 terras
950 2563 984 2620 et
1007 2561 1197 2622 tenemento
1221 2558 1258 2621 in
1282 2557 1425 2638 Edonus,
1449 2577 1512 2642 que
1538 2575 1643 2640 nuper
1668 2557 1802 2621 inerunt
1827 2554 1986 2618 Willelmi

484 2645 614 2726 Pariter,
630 2665 688 2728 per
703 2643 877 2709 servicium
891 2642 1081 2709 medietatis
1095 2644 1121 2731 j.
1136 2644 1161 2711 i.
1177 2666 1223 2711 m.

527 2773 714 2860 Margareta
728 2775 806 2860 Elys
820 2783 913 2843 tenet
927 2780 1106 2844 inmediate
1120 2781 1161 2845 de
1176 2781 1197 2848 J
1198 2781 1336 2859 ohanne,
1353 2779 1487 2845 domina
1497 2780 1540 2846 da
1554 2779 1777 2865 Bergevenny,
1786 2785 1875 2847 certa
1886 2788 1986 2848 terres

482 2868 750 3034 ppegppteartniprptaf·
758 2866 801 3017 ip1
804 3001 812 3018 ι
824 2866 1015 2948 Βιιιιιιειιιι),
1045 2888 1110 2953 que
1138 2887 1244 2952 nuper
1272 2869 1406 2933 fuerunt
1434 2867 1569 2934 Roberti
1598 2869 1693 2948 Rose,
1729 2889 1787 2953 per
1815 2871 1986 2936 servicium

528 3089 674 3153 Oliverns
703 3089 889 3171 Mendham,
917 3091 1064 3171 clericus,
1088 3100 1183 3158 tenet
1211 3094 1391 3158 inmediate
1421 3092 1463 3159 de
1492 3096 1581 3159 dicta
1602 3092 1763 3174 Johanna,
1786 3093 1918 3158 domins
1946 3097 1987 3160 de

486 3177 709 3261 Bergavenny,
723 3184 810 3241 certa
824 3182 926 3242 terres
948 3185 985 3245 et
1009 3186 1199 3245 tenementa
1222 3182 1258 3246 in
1275 3181 1467 3262 Bructerae,
1483 3203 1546 3268 que
1561 3202 1665 3267 nuper
1680 3183 1813 3246 inerunt
1827 3181 1986 3246 Willelmi

485 3264 617 3341 Parher‚
632 3285 688 3347 per
702 3265 874 3329 servicium
888 3274 1004 3350 quarte
1018 3271 1121 3352 partis
1131 3269 1160 3352 j.
1177 3268 1202 3336 f.
1218 3291 1264 3336 m.

527 3399 667 3464 Thomas
694 3398 856 3464 Walsham
884 3413 920 3465 et
945 3404 1122 3486 percenavii
1145 3405 1197 3468 sni
1220 3409 1336 3468 tenent
1364 3403 1541 3467 inmediate
1564 3400 1605 3465 de
1628 3398 1717 3463 dicta
1730 3396 1883 3464 Johanna
1898 3404 1986 3463 certa

485 3494 586 3552 terras
600 3492 635 3552 et
649 3493 837 3553 tenemento
851 3489 887 3554 in
902 3489 1094 3571 stusvno,
1110 3511 1173 3578 que
1188 3510 1290 3574 nuper
1305 3491 1439 3557 suerunt
1453 3488 1573 3575 Rogeri
1588 3484 1755 3557 Walsham
1779 3492 1814 3551 et
1829 3484 1986 3553 iohannis

486 3577 526 3642 de
541 3576 712 3655 Granario,
727 3597 784 3659 per
799 3579 971 3641 servicium
987 3591 1103 3663 quarte
1118 3581 1220 3663 partis
1231 3578 1259 3664 j.
1276 3580 1300 3645 f.
1317 3601 1363 3645 m.

529 3714 699 3792 liebertus,
712 3713 863 3779 dominus
878 3716 919 3779 de
930 3715 1096 3801 Wilghby‚
1106 3721 1196 3781 tenet
1211 3716 1391 3781 inmediate
1406 3716 1445 3779 de
1460 3714 1632 3779 heredibus
1648 3714 1779 3777 Roberti
1793 3712 1855 3776 filii
1869 3712 1986 3797 Rogeri

485 3807 699 3973 peepppcituegps
712 3808 965 3957 ἔιωιιιιιοιιιοιιιιι
990 3806 1026 3867 in
1054 3805 1228 3883 Wrncorn,
1255 3824 1318 3890 que
1342 3824 1444 3887 nuper
1466 3800 1599 3867 fuerunt
1622 3802 1713 3867 Petri
1740 3800 1906 3883 Rcaselyn‚
1930 3822 1987 3885 per

529 4024 670 4089 Domine
698 4023 859 4104 Johanna,
881 4025 1010 4091 ducissa
1036 4026 1183 4108 Eboraci,
1206 4032 1297 4093 tenet
1320 4026 1499 4093 inmediate
1527 4027 1568 4091 de
1595 4024 1768 4091 heredibus
1797 4025 1920 4090 Thome
1948 4025 1989 4089 de

487 4113 690 4199 Beghevelle
703 4119 792 4177 certa
805 4120 906 4179 terras
920 4121 956 4179 et
969 4121 1160 4181 tenemento
1173 4117 1209 4180 in
1223 4116 1398 4194 Wrnoorra
1412 4135 1474 4200 que
1499 4133 1603 4198 nuper
1629 4116 1762 4177 fuerunt
1784 4112 1921 4179 Walteri
1946 4112 1987 4177 de

487 4202 644 4281 Walcote,
659 4220 718 4285 per
732 4202 905 4266 servicium
919 4210 1034 4286 quarte
1046 4204 1149 4286 partis
1158 4202 1187 4287 j.
1203 4203 1227 4270 i.
1243 4224 1289 4270 m.

530 4336 551 4402 J
552 4334 690 4413 ohanna,
704 4334 838 4399 domina
862 4335 902 4400 de
928 4337 1153 4423 Bergesenny‚
1166 4345 1259 4405 tenet
1283 4340 1464 4404 inmediate
1485 4338 1525 4403 de
1542 4337 1698 4416 iohanne,
1714 4337 1795 4400 duce
1810 4333 1987 4414 Noriolkie,

483 4425 666 4596 puppeplipm
680 4422 722 4487 de
739 4424 870 4492 Snvrorv
884 4426 920 4489 in
935 4424 1066 4506 sutton,
1080 4426 1167 4513 quod
1181 4447 1286 4512 nuper
1301 4427 1366 4492 fnit
1392 4427 1544 4511 Hugonis
1567 4426 1599 4489 le
1614 4424 1709 4504 Veer,
1737 4443 1795 4507 per
1818 4424 1988 4489 servicium

531 4648 624 4711 Prior
637 4648 680 4711 de
696 4647 837 4730 Inghsm
851 4654 943 4713 tenet
959 4651 1150 4729 inmediate,
1164 4650 1204 4715 de
1219 4672 1284 4737 quo
1298 4651 1351 4717 vel
1366 4652 1406 4715 de
1421 4651 1539 4737 quibus
1554 4650 1717 4733 ignorant,
1734 4653 1824 4714 certa
1839 4654 1990 4713 terreret

487 4742 673 4801 tenementa
686 4735 723 4799 in
738 4736 891 4804 Osrsann
905 4741 940 4801 et
955 4737 1145 4819 Hmnnvrvu
1167 4736 1246 4826 [que
1260 4758 1364 4825 nuper
1378 4736 1525 4825 inerunt]
1546 4736 1678 4802 Ricardi
1701 4737 1742 4800 de
1763 4735 1918 4820 Catthorp
1932 4757 1989 4821 per

489 4825 662 4889 servicium
676 4824 777 4887 tercie
791 4825 895 4907 partis
902 4822 930 4909 j.
945 4825 969 4892 f.
984 4845 1030 4893 m.

530 4959 669 5023 Brianus
683 4958 861 5044 Stapilton,
876 4960 981 5039 miles,
995 4965 1088 5026 tenet
1098 4962 1288 5043 inmediste,
1302 4963 1343 5027 ds
1364 4982 1428 5046 qno
1443 4962 1496 5025 vel
1518 4962 1559 5025 de
1582 4960 1698 5046 quibus
1723 4962 1885 5045 ignorent,
1900 4967 1990 5027 certa

488 5052 878 5218 igfvargiuffijoeffiem
904 5049 941 5111 in
971 5048 1116 5129 luem,
1147 5051 1417 5129 Waxvortusnau
1447 5050 1614 5117 Wonsran
1644 5054 1679 5112 et
1709 5050 1903 5117 Wusvwvnrt
1933 5072 1991 5135 per

531 5270 623 5335 Prior
637 5270 677 5334 de
690 5269 858 5355 Hikelyng
872 5274 961 5336 tenet
975 5271 1167 5353 inmediate,
1179 5273 1218 5337 de
1232 5294 1297 5358 quo
1311 5274 1362 5339 vel
1377 5271 1417 5337 de
1431 5272 1550 5358 quibus
1564 5272 1729 5357 ignorent,
1739 5275 1829 5334 ccrts
1843 5275 1943 5335 terras
1958 5277 1992 5336 et

487 5363 677 5531 pznpirppntfa
689 5358 735 5512 plu
758 5358 920 5439 Psnnrrvo,
946 5379 1010 5446 que
1031 5380 1137 5445 nuper
1159 5359 1297 5425 inerunt
1322 5360 1446 5425 Thome
1470 5361 1569 5445 siges,
1595 5380 1652 5443 per
1678 5358 1852 5423 servicium
1878 5370 1991 5445 quarte

532 5583 705 5663 liebertus,
719 5582 870 5647 dominus
883 5584 924 5647 de
938 5580 1132 5673 [Scales,et]
1148 5586 1236 5670 prior
1245 5585 1286 5651 de
1296 5585 1464 5673 Hikelyng
1478 5590 1595 5651 tenent
1609 5582 1802 5662 inmediate,
1812 5582 1854 5646 de
1864 5602 1929 5667 quo
1939 5584 1992 5648 vel

489 5672 528 5737 de
542 5671 659 5756 quibua
672 5672 837 5757 ignorant.

530 5808 680 5872 Heredes
693 5809 845 5894 Hngonis
860 5808 997 5875 Burnell
1010 5814 1046 5875 et
1062 5809 1248 5876 Willelmus
1262 5811 1382 5876 Paston
1409 5816 1525 5877 tenent
1548 5810 1727 5876 inmediste
1753 5810 1794 5873 de
1815 5807 1991 5874 heredibus

485 5896 638 5960 Fulconis
651 5897 802 5980 Banyard
816 5908 905 5960 certa
918 5905 1019 5961 terras
1033 5905 1069 5962 et
1083 5906 1270 5964 tenementa
1285 5903 1319 5964 in
1335 5900 1471 5979 Rrsrorv,
1488 5920 1550 5987 qne
1576 5919 1680 5983 nuper
1706 5896 1839 5963 fuerunt
1855 5896 1987 5965 Aveline

494 5978 550 6077 [de
564 5982 713 6075 Burnell]
733 5992 767 6049 et
782 5983 891 6071 Burge
906 5985 947 6049 de
962 5984 1066 6065 Vaux,
1079 6007 1138 6073 per
1153 5990 1327 6055 servicium
1338 5988 1365 6075 j.
1383 5988 1406 6056 f.
1424 6010 1469 6057 m.
