5000 7050
1111 1072 1195 1139 nl).
1221 1074 1316 1139 1302.

501 1361 686 1426 Alexander
699 1362 740 1428 de
756 1364 953 1449 Ringestede
967 1368 1057 1429 tenet
1072 1372 1223 1450 quartam
1238 1368 1366 1448 partem
1381 1364 1404 1430 i.
1421 1385 1465 1429 m.
1483 1365 1517 1427 in
1534 1364 1712 1431 Baanwva.

502 1499 667 1565 Jomnnes
692 1502 732 1566 de
759 1503 885 1587 Walpol
909 1508 944 1567 ct
967 1503 1107 1567 isabella
1131 1524 1212 1566 uxor
1236 1504 1308 1589 ejus
1335 1507 1447 1567 tenent
1473 1507 1623 1589 quartam
1650 1505 1776 1586 partem
1804 1500 1827 1566 f.
1856 1522 1900 1567 m.
1930 1504 1963 1565 in

461 1586 585 1655 Manna
599 1590 815 1657 anansnana
831 1598 864 1654 et
879 1590 982 1658 Honu
997 1591 1039 1655 de
1053 1591 1179 1677 Rogero
1195 1589 1313 1676 Bygot,
1330 1592 1448 1655 comite
1464 1590 1646 1655 Norfolkie.

503 1725 667 1791 Johannea
679 1727 767 1792 filius
781 1728 939 1795 Willelmi
954 1730 995 1794 de
1012 1728 1193 1793 Kerdcston
1208 1735 1302 1793 tenet
1316 1729 1361 1794 di.
1379 1729 1402 1793 f.
1418 1749 1462 1794 m.
1478 1729 1513 1792 in
1529 1728 1558 1793 N
1561 1749 1668 1795 aunon
1683 1733 1718 1791 et
1733 1728 1896 1794 Banonarr
1920 1727 1961 1791 de

459 1811 623 1878 Willelmo
638 1814 669 1877 le
686 1815 874 1882 Maresohnl.

505 1950 668 2015 Johanncs
682 1951 780 2016 Lovet
805 1960 898 2016 tenet
914 1953 943 2036 j.
960 1952 985 2019 i.
1002 1974 1046 2018 m.
1063 1956 1098 2018 in
1112 1954 1304 2033 Donamus,
1322 1954 1517 2034 emanans,
1535 1953 1758 2021 Trcnnwsnnn
1773 1951 1812 2016 de
1833 1952 1967 2017 domino

461 2058 537 2122 rege
550 2040 602 2105 i.c.
617 2046 652 2104 et
665 2046 717 2103 est
731 2040 771 2104 de
780 2042 922 2127 antiquo
937 2041 1102 2106 dominico
1119 2061 1232 2105 corone
1247 2042 1378 2125 Anglie.

505 2176 670 2243 Johannes
684 2178 725 2242 de
740 2180 909 2243 Tateshale
925 2184 960 2242 et
976 2178 1127 2244 Caterina
1142 2200 1221 2244 uxor
1236 2180 1308 2263 ejus
1324 2186 1438 2246 tenent
1452 2180 1476 2266 j.
1492 2180 1517 2247 f.
1533 2200 1577 2244 m.
1596 2180 1630 2242 in
1647 2178 1787 2245 Fumea
1810 2177 1851 2242 de
1873 2179 1966 2244 feodo

464 2264 596 2330 Roberti
613 2266 675 2329 filii
690 2265 810 2351 Rogeri
825 2266 866 2331 de
880 2264 1002 2332 honore
1016 2266 1173 2333 Bononie.

463 2403 645 2553 VIligidius
670 2403 710 2468 de
735 2403 935 2489 Munpinaon
960 2410 996 2469 et
1021 2403 1183 2471 Criatiana
1209 2426 1289 2469 uxor
1313 2404 1385 2492 ejus
1409 2409 1524 2469 tenent
1546 2404 1571 2489 j.
1589 2403 1611 2469 f.
1627 2425 1672 2470 m.
1701 2403 1740 2469 de
1763 2404 1899 2469 baronia
1928 2404 1967 2467 de

495 2511 513 2553 a
528 2511 619 2576 onys.

510 2628 675 2693 Galfridus
700 2630 742 2693 de
769 2628 996 2696 Shnrnebume
1019 2635 1112 2696 tenet
1136 2632 1181 2697 di.
1196 2632 1220 2697 f.
1237 2651 1283 2697 m.
1307 2632 1342 2695 in
1369 2631 1618 2699 Samosatam
1643 2636 1678 2693 et
1703 2629 1902 2698 Suavasmn
1928 2628 1968 2692 de

465 2714 570 2779 Maria
584 2718 626 2781 de
640 2715 767 2783 Nevile.
1636 2730 1640 2739 '

510 2853 755 2919 Bartholomeus
780 2854 821 2918 de
848 2854 1012 2940 Beauveys
1038 2878 1123 2922 unus
1147 2856 1303 2921 heredum
1332 2856 1454 2939 Jacoby
1481 2854 1632 2941 Banyard
1662 2860 1756 2921 tenet
1782 2857 1969 2920 vicesimam

466 2946 590 3026 partem
600 2942 629 3027 j.
646 2943 670 3007 i.
687 2963 732 3007 m.
750 2944 786 3006 iu
801 2943 903 3009 Home
918 2944 959 3006 de
975 2944 1068 3008 feodo
1082 2943 1242 3009 Johannis
1257 2946 1297 3008 de
1314 2944 1500 3009 Bretannia.

510 3079 675 3143 Walterus
688 3080 729 3143 de
746 3077 899 3164 Calthorp
914 3085 1006 3144 tenet
1020 3082 1207 3146 vicesimam
1221 3086 1348 3165 partem
1364 3081 1388 3146 f.
1403 3100 1449 3145 m.
1465 3082 1501 3143 in
1517 3079 1708 3147 Donamus.

510 3217 650 3282 tiromas
664 3218 705 3282 de
719 3217 931 3284 Branncestre
946 3224 1038 3285 tenet
1053 3226 1202 3306 quartam
1216 3226 1344 3304 partem
1359 3220 1383 3287 f.
1400 3242 1444 3287 m.
1461 3222 1496 3285 in
1510 3221 1762 3288 Baauncnsaaa.

832 3354 997 3444 [Oriqinot
1011 3360 1197 3443 inquisition
1208 3358 1341 3443 printed
1356 3380 1412 3443 pp.
1436 3354 1608 3443 etv-440]

948 3648 1169 3715 Hunuaanusv
1189 3669 1233 3715 nn
1256 3647 1493 3716 DnPWADn.

512 3807 679 3873 Johanner
692 3808 732 3873 de
748 3808 967 3896 Brisingham,
984 3810 1170 3874 willelmus
1191 3811 1279 3874 filius
1301 3809 1385 3888 Bas',
1400 3809 1559 3873 Radulfus
1574 3808 1615 3872 de
1631 3805 1792 3891 Boylund,
1808 3807 1971 3871 Robertus

468 3895 508 3958 de
529 3895 741 3980 tietbergam,
763 3897 910 3983 Rogerua
935 3897 1087 3981 Illegard,
1111 3897 1270 3962 Ricardus
1292 3897 1424 3976 Alberd,
1444 3894 1610 3960 Johannes
1628 3895 1792 3973 verdoun,
1806 3893 1972 3959 Johannes

467 3982 577 4067 Duny,
599 3983 759 4047 Walterus
780 3984 821 4048 de
843 3984 946 4063 Rode,
968 3984 1169 4068 Reginaldns
1191 3985 1328 4062 Petiier,
1350 3982 1595 4048 Bartholomeus
1619 3982 1729 4046 Pekoc
1753 3988 1789 4046 et
1815 3982 1972 4047 Ricardus

468 4070 501 4133 le
517 4069 617 4154 Gany,
627 4069 799 4155 juratores,
813 4073 872 4154 qui
887 4071 1004 4136 dieunt
1018 4092 1114 4157 super
1128 4078 1367 4137 sacramentum
1382 4091 1478 4137 sunm
1493 4070 1580 4155 quod
1591 4092 1646 4138 :-

515 4259 675 4326 Robertus
696 4260 784 4326 filius
805 4261 944 4326 Walteri
965 4267 1058 4326 tenet
1079 4263 1261 4327 manerium
1282 4262 1323 4326 de
1346 4261 1564 4329 Hnaarvunna
1586 4280 1661 4324 cum
1693 4259 1904 4342 pertinenciis
1931 4259 1972 4322 de

470 4347 604 4412 domino
618 4368 696 4433 rege
710 4348 763 4414 in.
779 4368 837 4432 pro
851 4350 981 4433 quantia
997 4349 1101 4414 feodis
1115 4351 1167 4414 vel
1182 4370 1238 4435 per
1254 4350 1340 4436 quod
1357 4351 1528 4414 servicium
1542 4348 1721 4433 ignoratur.

516 4484 675 4549 Robertus
698 4485 796 4570 Capel
818 4491 912 4550 tenet
932 4486 967 4551 in
989 4487 1103 4552 eadem
1125 4488 1204 4552 ville
1219 4491 1408 4554 vicesimam
1431 4495 1556 4572 partem
1578 4485 1602 4552 f.
1619 4507 1663 4551 m.
1679 4486 1719 4549 de
1742 4483 1883 4550 Roberto
1905 4483 1974 4548 tilio

471 4571 623 4656 Walteri,
637 4579 672 4638 et
686 4573 774 4637 idem
789 4574 831 4638 de
846 4594 934 4658 rege.

516 4708 675 4776 Radulfus
696 4710 735 4775 de
757 4711 890 4777 Burtoit
910 4717 1003 4778 tenet
1025 4713 1059 4778 in
1082 4713 1218 4781 Fnanorv
1239 4733 1342 4778 unum
1367 4714 1568 4799 quarterium
1595 4712 1618 4778 t.
1636 4732 1681 4776 m.
1709 4710 1749 4776 de
1773 4710 1912 4775 Roberto
1934 4703 1975 4774 de'

472 4797 651 4879 Tateshale,
668 4803 703 4862 et
716 4800 805 4863 idem
821 4800 861 4863 de
875 4821 961 4886 rege.

517 4935 674 5000 Robertus
696 4936 736 4999 de
759 4935 896 5002 Shelton
917 4943 1008 5004 tenet
1030 4940 1065 5002 in
1090 4939 1245 5007 Sanaron
1266 4959 1371 5003 unum
1392 4939 1593 5023 quarterium
1615 4937 1638 5002 f.
1656 4958 1699 5002 m.
1714 4937 1755 5002 de
1771 4937 1911 5001 Roberto
1934 4937 1973 4999 de

473 5021 656 5101 Tateshale,
672 5029 707 5086 et
720 5024 809 5089 idem
824 5025 864 5090 de
878 5046 964 5110 rege.

517 5158 611 5224 Idem
633 5160 796 5226 Robertus
818 5167 908 5227 tenet
929 5164 965 5227 in
984 5164 1096 5228 eadem
1112 5184 1215 5228 unum
1230 5165 1432 5249 quarterium
1447 5162 1533 5228 feodi
1548 5162 1586 5226 de
1602 5160 1624 5225 J
1626 5159 1753 5225 ohanne
1768 5160 1808 5225 de
1825 5159 1971 5241 Shelton‚

474 5253 509 5313 et
522 5249 610 5313 idem
624 5249 666 5312 de
680 5251 799 5315 comite
813 5249 1016 5330 Marescallo,
1031 5257 1066 5315 et
1079 5251 1168 5316 idem
1184 5252 1225 5316 de
1239 5273 1323 5336 rege.

477 5384 683 5538 115⁰ssan
697 5387 739 5452 de
754 5386 889 5456 Shelton
904 5393 995 5455 tenet
1008 5391 1042 5454 in
1057 5390 1173 5454 eadem
1187 5391 1251 5455 tria
1266 5391 1430 5475 quarteria
1444 5389 1528 5454 feodi
1544 5387 1583 5452 de
1599 5387 1718 5453 comite
1731 5384 1929 5466 Maresoallo‚
1940 5390 1975 5450 et

475 5493 488 5536 r
512 5494 565 5539 em
602 5495 620 5538 e
634 5495 722 5561 rege.

519 5611 682 5677 Walterua
696 5615 727 5677 le
741 5614 870 5700 Waleys
884 5621 977 5681 tenet
991 5617 1026 5683 in
1039 5616 1154 5682 eadem
1168 5618 1380 5686 etwsmson
1396 5635 1499 5680 unum
1515 5614 1714 5699 quarterium
1729 5611 1815 5676 feodi
1829 5611 1870 5676 de
1885 5611 1973 5674 dioto

476 5701 606 5778 comite,
621 5707 657 5766 et
671 5702 759 5766 idem
775 5703 816 5767 de
832 5724 919 5788 rege.

520 5837 705 5902 Willelmus
721 5839 760 5904 de
775 5839 962 5926 Simplingg
976 5846 1067 5906 tenet
1081 5843 1117 5906 in
1132 5842 1380 5909 Mnamoraoav
1395 5841 1440 5907 di.
1457 5840 1480 5906 s.
1497 5841 1538 5906 de
1554 5837 1735 5906 Petronilla
1761 5836 1801 5900 de
1825 5835 1976 5918 Nersord,

475 5929 511 5991 et
523 5925 635 5990 εεάοω
649 5927 691 5991 de
706 5927 796 5992 dioto
810 5929 944 6008 comite,
958 5939 992 5994 et
1006 5950 1114 5995 comes
1128 5931 1169 5995 de
1183 5949 1270 6015 rege.
