5000 7050
1146 1053 1229 1120 AJ).
1255 1057 1351 1120 1346.
1933 1049 1994 1116 531

543 1339 710 1406 Johannes
735 1345 776 1408 de
800 1344 929 1409 Seciord
960 1350 1056 1408 tenet
1080 1346 1115 1407 in
1142 1344 1243 1413 Wnsr
1270 1345 1458 1410 Hnanruoo
1484 1364 1587 1407 unum
1612 1343 1810 1426 quarterium
1837 1343 1860 1404 f.
1885 1362 1930 1405 m.
1957 1340 1998 1403 de

499 1425 671 1492 heredibus
686 1430 727 1494 de
742 1431 963 1517 Hastyngges,
980 1439 1014 1496 et
1029 1433 1128 1495 iidem
1144 1432 1185 1495 de
1199 1432 1318 1496 abbate
1342 1431 1455 1496 Sancti
1478 1431 1655 1506 Edmundi‚
1671 1436 1704 1493 et
1728 1429 1826 1493 abbas
1850 1430 1889 1492 de
1912 1447 1996 1510 rege,

498 1516 582 1597 quod
598 1516 783 1585 Willelmus
797 1520 838 1582 de
855 1519 995 1583 Haciord
1011 1519 1174 1602 quondam
1189 1520 1298 1583 tenuit
1325 1555 1842 1570 ------
1931 1538 1960 1579 x.
1969 1537 1995 1579 s.

542 1676 708 1744 Johannes
733 1681 898 1746 Fcumeus
920 1691 1012 1747 tenet
1036 1683 1071 1745 in
1096 1683 1235 1749 annn
1261 1683 1450 1748 Hnanmoo
1465 1681 1510 1747 di.
1526 1679 1549 1746 f.
1565 1702 1610 1745 m.
1626 1681 1667 1743 de
1683 1681 1801 1743 comite
1817 1679 1998 1756 Britannie,

500 1769 654 1831 etcomes
669 1768 710 1832 de
725 1790 810 1854 rege,
826 1771 911 1853 quod
927 1770 1089 1836 Robertus
1103 1770 1144 1833 de
1160 1770 1327 1833 Foumeus
1343 1769 1505 1854 quondam
1520 1769 1631 1831 tenuit
1712 1807 1722 1818 ·
1814 1807 1824 1817 -
1913 1788 1996 1830 xx.s.

544 1928 566 1994 J
567 1929 710 1996 ohannes
725 1932 765 1995 de
780 1931 947 2015 Gonevyle
961 1938 996 1996 et
1007 1933 1184 2016 percenarii
1199 1934 1250 1996 sui
1264 1937 1378 1995 tenent
1393 1932 1427 1993 in
1439 1932 1668 1996 Rnssnwonrn
1679 1951 1780 1992 unum
1796 1930 1996 2014 quarterium

500 2017 524 2082 f.
549 2037 595 2082 m.
625 2018 664 2082 de
693 2020 812 2083 comite
842 2019 1057 2100 Gloucestrie‚
1082 2031 1117 2084 et
1140 2021 1228 2084 idem
1251 2019 1293 2083 de
1315 2040 1402 2104 rege,
1424 2019 1510 2101 quod
1540 2018 1673 2081 heredes
1703 2015 1926 2080 Bartholomei
1955 2017 1996 2079 de

499 2103 717 2184 B(r)eaunson
740 2108 902 2192 quondam
925 2112 1110 2171 tenuerunt.
1155 2108 1213 2193 (Et
1237 2127 1295 2190 pro
1321 2127 1385 2188 quo
1406 2104 1574 2168 Johannes
1590 2105 1677 2167 filius
1693 2113 1727 2169 et
1743 2103 1832 2167 heres
1848 2104 1996 2166 Nicbolai

500 2190 650 2339 gonevilt
663 2201 813 2258 oneratus
828 2195 894 2258 fuit
909 2194 949 2258 de
964 2194 1084 2259 relevio
1099 2214 1158 2258 suo
1172 2196 1213 2259 de
1228 2195 1273 2260 di.
1291 2195 1314 2259 f.
1334 2215 1379 2258 m.
1397 2197 1542 2276 tempore
1556 2194 1641 2276 regis
1656 2193 1808 2257 Edwardi
1829 2191 1891 2254 filii
1913 2192 1997 2274 regis

536 2281 647 2360 enrioi)
719 2318 1842 2334 ............
1931 2300 1995 2344 m,

546 2442 641 2506 Idem
664 2441 830 2508 Johannes
856 2448 948 2508 tenet
973 2447 1155 2509 manerium
1180 2444 1221 2507 de
1244 2445 1474 2511 Rcssnwoarn
1498 2463 1556 2526 pro
1579 2464 1644 2506 uno
1667 2442 1831 2525 quarterio
1857 2442 1880 2506 i.
1896 2463 1940 2506 m.
1956 2442 1997 2504 de

500 2529 648 2594 Johanne
677 2530 818 2611 Bardolf‚
848 2537 882 2594 et
910 2533 997 2595 idem
1027 2533 1067 2595 de
1096 2553 1185 2616 rege,
1212 2533 1298 2617 quod
1327 2531 1467 2594 Matillis
1493 2530 1660 2614 Gonevyle
1686 2530 1850 2614 quondam
1876 2531 1995 2594 tenuit.

504 2618 559 2695 (Et
572 2638 630 2700 pro
645 2639 707 2702 quo
722 2625 759 2680 ut
774 2640 870 2702 supra
884 2639 942 2702 per
955 2618 1142 2683 Johannem
1157 2619 1308 2683 Gonville
1323 2617 1519 2703 predictum)
1632 2658 1643 2668 -
1734 2649 1769 2667 -1
1834 2657 1845 2667 -
1935 2637 1996 2680 ins.

544 2778 727 2842 willelmus
753 2778 843 2864 chh
866 2785 900 2842 et
926 2780 1041 2843 Petrus
1067 2780 1329 2844 Benezenzethon
1349 2775 1419 2859 (sio)
1436 2782 1552 2840 tenent
1574 2780 1608 2840 in
1624 2777 1703 2840 villa
1729 2778 1769 2840 de
1787 2777 1997 2846 Susansmnn

501 2875 580 2927 riuun
598 2872 723 2948 partem
739 2866 761 2931 f.
778 2887 822 2932 m.
837 2868 878 2931 de
892 2867 1025 2932 domino
1040 2868 1080 2931 de
1096 2867 1301 2952 Wrydewell,
1324 2872 1358 2930 et
1383 2867 1471 2929 idem
1494 2866 1535 2928 de
1561 2865 1678 2929 abbate
1693 2865 1806 2928 Sancti
1821 2864 1996 2942 Edmundi,

502 2959 536 3016 et
566 2953 653 3016 idem
677 2953 717 3016 de
742 2974 830 3037 rege,
857 2976 954 3039 quam
978 2953 1112 3019 heredes
1136 2955 1294 3018 Willelmi
1319 2952 1409 3038 chh
1437 2957 1470 3017 et
1494 2952 1584 3016 Petri
1610 2951 1808 3015 Benezinton
1835 2951 1997 3036 qnondam

502 3050 680 3104 tenuerunt
1802 3040 1870 3123 ij.s.
1888 3036 1996 3122 viijd.

545 3201 679 3265 Summa
693 3201 801 3289 xxjdi.
816 3201 892 3268 iras.
908 3201 1012 3291 iiijmd
1030 3224 1087 3286 pro
1102 3226 1131 3269 x.
1148 3204 1171 3265 f.
1186 3204 1231 3269 di.
1248 3203 1295 3288 vj⁵
1315 3211 1405 3292 parte
1421 3211 1501 3270 xxm*
1516 3208 1609 3286 parte
1624 3207 1659 3266 et
1673 3202 1721 3264 lx·
1742 3205 1832 3284 parte
1846 3199 1870 3287 j.
1886 3199 1910 3266 f.
1927 3221 1971 3266 m.

940 3488 1161 3556 Hnrnsanun
1184 3509 1228 3554 ns
1250 3485 1564 3556 HUMILLYERD.

545 3647 873 3715 „iurati-Johannes
896 3649 937 3712 de
961 3648 1164 3733 Reynthorp‚
1187 3651 1351 3713 Johannes
1377 3649 1464 3729 Reli,
1488 3648 1645 3712 Ricardus
1669 3648 1821 3732 GerveyS‚
1835 3645 2000 3711 Johannes

501 3734 650 3819 Hughes,
661 3736 821 3800 Robertus
836 3737 877 3800 de
893 3736 1075 3815 Sandoroft,
1090 3737 1247 3802 Ricardus
1263 3737 1419 3821 Frenkys,
1433 3736 1546 3800 Simon
1561 3736 1650 3814 Bole,
1661 3736 1849 3818 Radulphus
1865 3734 1999 3818 Patryk,

501 3822 667 3887 Johannes
697 3833 766 3886 atte
804 3823 885 3887 Feld
922 3825 964 3887 dc
994 3822 1174 3901 Certemus,
1203 3823 1369 3888 Johannes
1397 3823 1553 3907 Frenkys‚
1584 3821 1774 3904 Radulphus
1804 3821 1934 3886 Staltun
1965 3830 2000 3887 et

499 3909 665 3974 Johannes
680 3910 775 3988 Blak,
790 3913 847 3996 qui
862 3912 979 3976 dicunt
995 3933 1052 3995 per
1068 3922 1305 3976 sacramentum
1321 3932 1416 3975 suum
1430 3912 1514 3996 quod
1527 3934 1581 3975 r·-

544 4099 642 4185 Hugo
657 4099 788 4163 Peverel
802 4105 895 4163 tenet
909 4102 945 4163 in
960 4100 1082 4167 Misus
1097 4101 1239 4167 Mnnrou
1255 4102 1301 4166 di.
1316 4100 1340 4164 f.
1354 4122 1399 4165 m.
1415 4100 1456 4163 de
1472 4098 1593 4162 honore
1607 4100 1648 4162 de
1663 4097 1832 4161 Hattefeld
1856 4099 1999 4177 Peverel,

500 4192 535 4250 et
549 4188 635 4251 idem
651 4188 690 4249 de
704 4208 790 4272 rege,
804 4188 890 4272 quod
905 4186 1072 4252 Johannes
1088 4189 1221 4252 Peverel
1236 4189 1400 4274 quondam
1422 4187 1541 4252 tenuit.
1588 4186 1642 4263 (Et
1668 4205 1724 4268 pro
1749 4205 1811 4270 quo
1835 4182 2000 4249 Johannes

501 4274 751 4442 tlilquqiqliqrgonis
766 4275 1062 4414 Peverel-oneratus
1077 4275 1141 4414 fuit
1155 4277 1194 4340 de
1205 4277 1328 4415 relevio
1344 4280 1561 4413 suo-tempore
1576 4275 1661 4411 regis
1676 4271 1826 4411 Edwardi
1839 4274 1900 4336 filii
1916 4294 1999 4425 qexgqs

546 4522 639 4585 Idem
663 4522 762 4606 Hugc
785 4528 875 4587 tenet
898 4524 934 4586 in
958 4524 1096 4590 Barnun
1122 4525 1167 4588 di.
1183 4525 1206 4588 f.
1222 4547 1266 4590 m.
1293 4526 1334 4588 de
1356 4524 1445 4587 dicto
1468 4523 1599 4602 honore,
1616 4521 1702 4607 quod
1716 4522 1822 4585 dictus
1838 4521 2000 4586 Johannes

502 4611 664 4695 quondam
679 4609 798 4673 tenuit.
847 4610 903 4689 (Et
916 4632 974 4693 pro
990 4632 1052 4695 quo
1067 4611 1230 4675 Johannes
1245 4612 1332 4676 filius
1348 4611 1497 4695 Hugonis
1513 4609 1645 4674 Peverel
1660 4607 1729 4689 dcc.)
1813 4650 1823 4661 -
1913 4630 1998 4675 rins.

544 4770 644 4853 Hugo
666 4770 811 4834 Gurzonn
832 4777 866 4834 et
891 4775 1066 4855 percenarii
1082 4776 1134 4837 sui
1156 4779 1272 4838 tenent
1286 4776 1320 4837 in
1338 4773 1512 4839 Csansrou
1528 4790 1631 4833 unum
1646 4772 1845 4854 quarterium
1860 4771 1884 4834 f.
1900 4791 1944 4835 m.
1960 4770 2000 4834 de

500 4857 641 4943 Hugone
665 4857 806 4937 Peverel,
830 4865 865 4922 et
893 4860 983 4923 idem
1012 4862 1053 4924 de
1082 4883 1169 4947 rege,
1193 4864 1279 4946 quod
1304 4860 1488 4922 Willelmus
1517 4858 1662 4921 Curzoun
1692 4858 1853 4942 quondam
1880 4860 1998 4923 tenuit.

504 4945 560 5023 (Et
575 4967 631 5030 pro
645 4943 888 5030 qquohaunes
901 4947 989 5011 filius
1005 4949 1154 5034 Hugonis
1168 4948 1300 5012 Peverel
1316 4946 1385 5027 tac.)
1427 4983 1842 4997 ·····
1929 4966 1997 5011 its.

542 5106 724 5170 Willelmus
747 5108 786 5171 de
811 5107 1004 5173 Bokenham
1030 5117 1124 5174 tenet
1146 5113 1182 5174 in
1206 5110 1455 5176 Remmiam
1478 5108 1543 5171 duo
1572 5107 1735 5191 quarteria
1762 5109 1796 5169 et
1821 5106 1998 5171 dimidium

499 5195 700 5279 quarterium
717 5193 740 5259 f.
756 5216 801 5260 m.
817 5197 858 5259 de
873 5196 1032 5262 Nicholao
1047 5198 1087 5261 de
1103 5199 1257 5276 castello,
1272 5203 1307 5261 et
1321 5197 1409 5260 idem
1432 5196 1473 5259 de
1494 5194 1659 5257 Willelmo
1681 5192 1723 5255 de
1747 5193 1780 5256 la
1805 5193 1938 5272 Rokele,
1965 5200 1999 5258 et

499 5282 587 5346 idem
601 5282 642 5345 de
658 5280 830 5346 heredibus
845 5285 885 5347 de
900 5285 996 5362 Boos,
1011 5293 1048 5348 et
1061 5286 1163 5349 iidem
1177 5286 1217 5350 de
1232 5284 1405 5349 heredibus
1419 5280 1615 5357 Merescalli,
1630 5285 1664 5343 et
1678 5280 1779 5343 iidem
1795 5281 1835 5342 de
1850 5300 1926 5364 rege

1891 5388 1997 5433 xnus.

544 5505 637 5569 Prior
651 5506 693 5569 de
708 5506 890 5590 Penteneye
904 5515 994 5573 tenet
1008 5509 1182 5573 dimidium
1198 5510 1400 5595 quarterium
1414 5506 1502 5571 feodi
1514 5507 1549 5569 in
1562 5506 1674 5569 eadem
1687 5504 1726 5567 de
1736 5504 1899 5567 Willclmo
1911 5505 1951 5567 de
1965 5507 1999 5570 la

500 5594 636 5674 Rokele,
650 5600 685 5658 et
699 5594 785 5657 idem
801 5595 842 5657 de
857 5596 1025 5660 heredibus
1040 5598 1071 5660 le
1087 5597 1184 5674 Boos,
1197 5608 1231 5660 et
1245 5598 1345 5661 iidem
1361 5596 1401 5659 de
1424 5594 1595 5657 heredibus
1620 5592 1815 5668 Marescalli‚
1840 5601 1874 5654 et
1897 5591 1997 5655 iidem

499 5680 540 5744 de
555 5702 639 5767 rege.
664 5681 719 5762 (Et
733 5700 791 5765 pro
806 5682 923 5765 quibus
939 5684 1042 5747 tribus
1058 5686 1230 5772 quarteriis
1244 5684 1264 5747 J
1267 5682 1406 5748 ohannis
1421 5682 1508 5744 filius
1523 5681 1672 5765 Hugonis
1685 5679 1817 5742 Peverel
1832 5677 1901 5757 dcc.)
1936 5702 1997 5745 us.

542 5844 698 5910 Priorissa
712 5842 753 5908 de
769 5842 920 5909 Carbone
934 5852 1027 5910 tenet
1042 5848 1076 5911 in
1092 5848 1235 5914 Mnnrou
1247 5847 1370 5913 Msous
1381 5866 1484 5908 unum
1500 5844 1699 5930 quarterium
1714 5843 1737 5907 f.
1749 5862 1793 5905 m.
1804 5841 1844 5904 de
1859 5840 1998 5925 Hugoue

497 5928 641 6013 Peverel,
656 5938 691 5996 et
705 5932 795 5997 idem
811 5933 851 5995 de
867 5953 956 6022 rege.
1005 5934 1060 6016 (Et
1074 5957 1130 6018 pro
1146 5956 1210 6026 quo
1224 5935 1387 6001 Johannes
1403 5932 1491 5999 filius
1507 5932 1657 6023 Hugonis
1672 5930 1805 5993 Peverel
1821 5926 1889 6009 dic.)
1933 5951 1996 5999 ns.
