5000 7050
1102 1055 1187 1121 nl).
1213 1057 1309 1122 1428.

985 1347 1180 1414 Daosuasns
1203 1347 1420 1415 CRANWIZ.

493 1533 670 1617 inquisicio
692 1540 787 1618 capto
813 1535 900 1618 apud
926 1533 1086 1599 Swaiham
1111 1534 1163 1598 die
1179 1534 1271 1598 Lnne
1288 1533 1434 1616 proxima
1450 1533 1659 1596 antefactum
1675 1531 1786 1596 Sancti
1802 1532 1950 1598 Barnabe

449 1621 585 1702 apostoli
609 1641 693 1683 anno
719 1624 811 1707 regui
840 1623 926 1706 regis
952 1623 1082 1686 Henrici
1110 1623 1194 1686 sexti
1218 1628 1292 1705 post
1318 1625 1530 1704 conquestum
1557 1625 1648 1683 sexto
1674 1640 1778 1683 coram
1794 1619 1950 1685 Nicholao

451 1707 581 1786 Castell,
600 1709 764 1772 Willelmo
781 1709 910 1772 Waltou
934 1717 969 1773 et
993 1709 1129 1772 Rioardo
1152 1708 1263 1773 Bowre
1289 1713 1324 1772 et
1350 1709 1445 1771 sociis
1470 1709 1536 1770 suis
1562 1707 1786 1771 collectoribus
1813 1708 1950 1773 subsidii

451 1795 576 1858 domini
604 1799 692 1878 regis
721 1797 756 1859 in
786 1798 946 1860 comitatu
976 1796 1145 1860 Norfolkie
1175 1799 1210 1860 in
1248 1796 1366 1859 ultimo
1402 1794 1616 1878 parliamento
1653 1815 1711 1859 suo
1742 1800 1834 1858 tento
1862 1798 1950 1881 apud

450 1881 773 1947 westmonasterium
799 1885 835 1946 in
864 1884 1028 1968 quindena
1059 1883 1172 1947 Sancti
1201 1881 1371 1948 Michaelis
1401 1883 1519 1946 ultimo
1549 1883 1706 1967 preterito
1729 1884 1870 1948 concessi
1895 1905 1953 1969 per

451 1975 690 2034 sacramentum
705 1969 763 2036 dre.

477 2184 653 2336 'dnl'mdlh
674 2182 827 2269 parochia
847 2184 1028 2269 subscripta
1052 2184 1138 2247 infra
1160 2185 1354 2248 decanatum
1377 2183 1418 2248 de
1445 2182 1585 2247 Crnnwiz
1609 2184 1785 2249 comitatus
1815 2185 1952 2268 predicti

453 2291 485 2334 m
509 2291 590 2335 e1ce
1276 2301 1281 2310 ·

498 2454 539 2519 In
553 2455 715 2540 parochiis
730 2456 772 2520 de

671 2615 848 2702 Ikebnrgh.

671 2702 873 2768 Bokenham.

673 2791 821 2856 Newton.

673 2876 865 2943 Caldecotis.

674 2965 838 3030 Linetord.

675 3051 809 3118 Sauton.

674 3140 867 3223 Laugeford.

676 3226 858 3292 Colveston.

676 3313 780 3377 South
795 3314 985 3399 Pykenham
1000 3314 1111 3380 Sancti
1126 3316 1264 3381 Andree.

678 3399 755 3482 Cley
770 3401 883 3466 Sancti
897 3401 1000 3468 Patri.

764 3569 843 3628 suut
858 3564 970 3629 decem
983 3565 1204 3630 inhabitantes
1218 3566 1385 3633 domicilia
1399 3572 1561 3635 tenentes.

1017 4112 1213 4178 Daciusnos
1237 4112 1404 4179 LENNE.

506 4297 683 4381 Inquisioio
708 4303 805 4382 capta
826 4301 912 4381 apud
938 4298 1066 4384 Gayton
1095 4300 1148 4365 die
1175 4301 1268 4364 Lune
1293 4303 1439 4385 proximo
1465 4310 1537 4387 post
1551 4305 1671 4369 festum
1686 4305 1799 4371 Sancti
1814 4308 1959 4376 Bamabe

461 4386 601 4471 apostoli
615 4384 672 4449 dne.
691 4390 740 4465 (no
755 4388 883 4468 boore).

486 4595 664 4747 dnl'mtssh
693 4595 842 4681 parochia
872 4596 1053 4681 subscripta
1078 4598 1162 4663 infra
1191 4599 1385 4666 decanatum
1415 4600 1456 4666 de
1486 4602 1597 4668 Lenne
1623 4606 1797 4670 comitatus
1823 4609 1960 4692 predicti

462 4704 496 4748 vr
519 4704 536 4747 e
551 4704 599 4747 roe
617 4732 626 4750 .

504 4872 545 4935 In
559 4872 720 4957 parochiis
733 4870 774 4936 de

681 5033 848 5119 Congham
871 5034 983 5100 Sancti
1008 5036 1147 5103 Andree.

680 5124 857 5207 Appylton.

683 5210 832 5295 Iosynte.

683 5296 849 5381 Congham
865 5296 1024 5362 Omnium
1039 5298 1243 5367 Sanctorum.

683 5384 824 5469 Wausey
845 5382 909 5471 [io.
925 5383 1085 5472 Bansey].

683 5469 822 5536 Sandrin
847 5474 933 5537 ham.

682 5559 829 5643 Massing
921 5559 1078 5626 Omnium
1093 5560 1297 5630 Sanctorum.

682 5646 809 5731 Rydon.

682 5732 934 5801 Clenchsrarton.

718 5954 720 5959 .
779 5904 856 5964 sunt
870 5899 982 5965 decem
998 5900 1219 5969 inhabitantes
1233 5902 1401 5969 domicilia
1415 5908 1574 5973 tenentes.
1600 5865 1603 5875 Ι
1622 5906 1664 6003 Iu
1679 5908 1773 5996 cujus
1786 5912 1834 5977 rei
1849 5908 1907 5979 &c
