5000 7050
532 1037 598 1102 660
1175 1035 1398 1104 NORFOLK.

529 1327 742 1411 parliamento
771 1348 830 1392 suo
852 1329 940 1413 epnd
971 1329 1296 1394 westmonasterium
1319 1332 1357 1394 in
1383 1330 1550 1415 quindena
1581 1329 1694 1395 Ssncti
1724 1327 1898 1395 Michselis
1923 1330 2045 1395 ultime

529 1417 686 1497 preterita
700 1422 794 1480 teuto
808 1417 951 1480 concessi
965 1437 1022 1500 per
1036 1422 1273 1481 sacramentnm
1299 1415 1425 1482 Thome
1451 1417 1578 1497 Brenn,
1603 1417 1729 1483 Thome
1756 1419 1852 1502 Boty,
1880 1417 2044 1483 Johnnnis

530 1502 715 1587 Bernevyle
739 1502 898 1569 Johsnnis
923 1503 1080 1586 Khlmhy,
1105 1503 1265 1567 Jobcnnis
1289 1503 1425 1589 Rupere,
1450 1504 1609 1569 Johsnnis
1624 1505 1767 1583 Ebrond‚
1781 1504 1907 1570 Thome
1923 1505 2038 1585 Skeet,

529 1588 689 1656 Johennis
704 1589 844 1669 (iumen,
859 1592 879 1658 J
881 1590 1018 1655 chunnis
1033 1591 1166 1672 Hokell,
1183 1590 1343 1658 Johnnnis
1358 1591 1537 1676 Godevyn,
1554 1592 1715 1660 Willelmi
1729 1592 1831 1676 Percy
1856 1599 1891 1657 et
1919 1593 2043 1657 Thome

530 1677 640 1758 Piron,
678 1679 735 1763 qui
771 1679 887 1742 dicunt
923 1699 1018 1762 snper
1053 1686 1296 1744 sacramentum
1335 1700 1431 1742 snum
1469 1680 1557 1765 quod
1594 1699 1706 1744 omnes
1743 1699 1879 1764 persone
1908 1681 1943 1744 in
1974 1681 2042 1744 iste

530 1765 757 1848 inquisissione
771 1768 943 1830 nominate
958 1770 1035 1830 sunt
1050 1767 1160 1830 seieite
1175 1771 1210 1831 et
1225 1768 1461 1850 possessicnste
1475 1777 1511 1831 et
1525 1788 1636 1831 corum
1661 1765 1805 1851 quilibet
1831 1773 1882 1832 est
1906 1768 2042 1831 seieitus

528 1855 563 1915 et
588 1855 844 1935 possessionntue
867 1854 909 1917 de
931 1855 1029 1917 terris
1054 1858 1090 1917 et
1103 1855 1301 1918 tenementis
1315 1855 1351 1917 in
1366 1854 1532 1918 dominico
1547 1875 1605 1919 sno
1620 1860 1658 1917 ut
1673 1855 1715 1918 de
1729 1854 1831 1920 libero
1846 1860 2042 1920 tenemento

529 1944 563 2003 et
577 1946 694 2004 tenent
707 1961 763 2006 seu
777 1945 869 2005 tenet
882 1941 978 2006 modo
994 1950 1028 2004 et
1043 1941 1148 2004 forme
1162 1943 1220 2026 qui
1235 1942 1395 2026 sequitur,
1410 1941 1565 2006 videlicet
1578 1941 1666 2027 quod
1679 1963 1733 2004 :—

571 2178 736 2246 Johsnnes
764 2179 943 2245 Lankestre
968 2185 1062 2245 tenet
1084 2180 1263 2244 inmediete
1289 2181 1330 2244 de
1356 2181 1501 2245 Waltero
1525 2180 1581 2244 fitz
1600 2180 1734 2244 Wsuter
1757 2183 1847 2244 certe
1870 2183 1976 2244 terras
2005 2185 2041 2244 et

529 2272 718 2418 tgugngguttiss
730 2267 765 2440 {n
774 2267 894 2417 ¹psaeleu,
905 2288 969 2353 que
984 2267 1147 2354 quondam
1164 2269 1298 2332 fuerunt
1313 2267 1476 2353 Arnulphi
1492 2269 1533 2332 de
1548 2268 1782 2352 Mouuteneye
1792 2288 1849 2351 per
1865 2268 2042 2332 servicium

571 2518 730 2581 Dominus
752 2516 785 2579 le
805 2514 892 2599 Grey
923 2512 995 2602 [de]
1025 2513 1152 2599 Rythiu
1178 2518 1271 2578 tenet
1293 2515 1474 2579 inmediate
1499 2515 1540 2579 de
1564 2536 1641 2601 rege
1665 2517 1847 2581 manerium
1877 2536 1972 2579 suum
1997 2514 2040 2579 de

527 2607 775 2777 {eugegius}
798 2623 879 2752 ἔξω
908 2603 1127 2686 pertinenciis,
1156 2623 1219 2688 que
1248 2604 1414 2687 quondam
1444 2604 1578 2667 fuerunt
1609 2603 1761 2689 Hngonis
1790 2603 1820 2667 le
1849 2603 1945 2682 Veer,
1979 2623 2040 2687 per

571 2855 734 2922 iohannes
749 2851 929 2917 Innksetre
944 2857 1037 2917 tenet
1051 2853 1233 2916 inmediste
1247 2852 1288 2916 de
1303 2853 1324 2919 J
1325 2854 1462 2932 ohanne,
1478 2854 1559 2917 duce
1574 2851 1754 2932 Norfolkie,
1770 2861 1859 2918 certe
1873 2857 1976 2921 terres
2002 2859 2041 2917 et

525 2947 715 3093 teneffients
737 2942 774 3004 in
798 2943 1022 3020 Emeritensis,
1046 2961 1110 3026 que
1134 2939 1298 3024 quondum
1322 2940 1455 3007 fuerunt
1471 2939 1605 3005 Ricerdi
1620 2941 1650 3004 le
1666 2940 1774 3004 Breve
1790 2961 1848 3025 per
1862 2941 2037 3004 servicium

525 3054 549 3118 J.
581 3081 589 3095 .
642 3079 651 3094 .

571 3193 673 3258 Heres
687 3191 837 3256 Nicholsi
853 3189 964 3255 Bnkon
980 3195 1073 3255 tenet
1086 3191 1266 3256 inmediate
1282 3192 1322 3255 de
1337 3190 1481 3256 manerio
1507 3191 1548 3255 de
1576 3191 1733 3255 Horsford
1757 3195 1848 3256 certe
1872 3195 1974 3255 terres
2000 3197 2037 3256 et

524 3282 778 3452 gelnffielnltletiisnj
794 3279 1028 3429 Itivssnuuucn,
1053 3300 1116 3363 que
1141 3279 1305 3362 quondum
1320 3279 1454 3343 fuerunt
1470 3280 1490 3346 J
1491 3277 1628 3343 chunnis
1642 3276 1773 3344 Semere
1787 3300 1843 3363 per
1859 3279 2036 3342 servicium

569 3532 733 3599 Johsunes
748 3530 902 3595 Schelton
918 3534 1008 3595 tenet
1022 3531 1204 3596 inmediate
1219 3531 1260 3595 de
1274 3550 1349 3615 rege
1365 3531 1527 3617 quendum
1543 3531 1711 3596 redditum
1731 3532 1765 3595 in
1785 3531 2035 3610 Oscosmsros,

524 3622 581 3705 qui
597 3622 761 3705 quondum
777 3620 841 3683 ruit
858 3620 1018 3685 Johnnnis
1033 3618 1073 3682 de
1090 3618 1262 3702 Boylound
1277 3639 1335 3703 per
1350 3620 1524 3683 servicium
1540 3625 1655 3703 quarte
1671 3622 1775 3703 pertis
1787 3619 1812 3703 j.
1830 3618 1853 3684 f.
1869 3639 1914 3683 m.

568 3799 732 3865 Jchenuee
756 3798 843 3862 Hore
867 3803 961 3861 tenet
985 3796 1027 3861 sd
1053 3798 1234 3861 terminum
1257 3800 1326 3862 vite
1350 3798 1536 3883 Mergerete
1559 3798 1667 3862 uxoris
1696 3818 1752 3863 sue
1782 3799 1964 3864 inmediete
1989 3800 2034 3865 de

522 3886 654 4037 dorfnilrlro
668 3885 699 3949 le
714 3886 800 3970 Grey
821 3883 893 3972 [de]
915 3883 1038 3968 Bythin
1054 3891 1144 3949 certe
1158 3891 1260 3949 terres
1275 3900 1309 3949 er
1332 3890 1523 3951 tenements
1548 3886 1584 3949 in
1609 3885 1755 3954 Gvsssuu
1779 3906 1835 3971 per
1859 3888 2034 3952 servicium

524 3997 550 4061 J.
582 4020 589 4035 .
644 4023 651 4038 .

475 4175 477 4178 -
566 4136 662 4200 Idem
677 4133 840 4202 Johsnnes
854 4138 947 4199 tenet
960 4135 1075 4199 eodem
1089 4133 1186 4199 modo
1200 4134 1383 4199 inmediste
1397 4133 1438 4198 de
1453 4134 1627 4199 heredibus
1650 4134 1778 4199 Methei
1794 4135 1836 4199 de
1850 4132 2033 4203 Thelveton

522 4226 558 4288 in
574 4224 721 4291 Grssruu
735 4226 824 4286 certe
838 4226 939 4320 terres
953 4228 989 4288 et
1004 4227 1194 4287 tenemento
1208 4242 1266 4306 per
1281 4223 1454 4287 servicium
1468 4228 1583 4306 quarte
1599 4224 1700 4306 pertis
1711 4222 1738 4308 j.
1755 4224 1777 4287 s.
1794 4244 1840 4290 m.

565 4399 748 4463 Willelmus
773 4396 959 4483 Elynghsm
981 4403 1017 4462 et
1043 4395 1212 4464 Johsnnes
1237 4396 1458 4462 Scherdelovve
1474 4400 1590 4463 tenent
1603 4398 1785 4463 inmedinte
1800 4400 1840 4463 de
1855 4398 2034 4468 heredibus

517 4489 653 4662 1,Ιὶίξοαῖῃᾱί
661 4487 693 4550 le
701 4485 839 4551 Rokelle
854 4490 943 4550 certe
958 4492 1061 4550 terras
1076 4491 1112 4550 ct
1121 4490 1312 4551 tenements
1322 4486 1357 4549 in
1371 4486 1581 4553 Sensurnruc
1592 4506 1650 4571 per
1660 4488 1830 4551 servicium
1842 4489 2034 4557 medietatis

564 4738 724 4803 Robertns
738 4735 876 4800 Hovard
891 4740 983 4801 tenet
997 4737 1179 4801 inmediate
1203 4737 1244 4802 de
1261 4737 1421 4814 somnne,
1446 4738 1529 4801 duce
1551 4736 1731 4816 Norfollrie,
1755 4742 1843 4803 certe
1868 4744 1969 4804 terres
1994 4747 2031 4807 et

517 4830 706 4895 tenements
722 4826 759 4888 in
777 4824 954 4891 Funesnnn
973 4844 1030 4908 per
1044 4825 1215 4889 servicium
1229 4825 1253 4903 i.
1270 4826 1292 4890 f.
1309 4846 1354 4891 m.

557 5007 579 5073 J
580 5003 720 5069 ohannes
735 5002 866 5067 Chalers
881 5005 973 5066 tenet
986 5002 1165 5067 inmediete
1179 5000 1221 5066 de
1232 5000 1406 5065 heredibus
1418 5000 1574 5065 Willelmi
1587 5001 1618 5065 le
1628 4998 1816 5066 Merischsll
1826 5006 1913 5067 certa
1926 5008 2029 5069 terres

517 5104 552 5161 et
566 5096 755 5159 tenements
769 5092 804 5153 iu
822 5091 1023 5156 Tuunvurou
1039 5110 1097 5174 per
1111 5090 1285 5153 servicium
1300 5090 1325 5175 j.
1340 5088 1364 5155 f.
1380 5110 1425 5187 m.

559 5272 723 5338 Jobsnnes
739 5268 832 5333 Swen
847 5274 942 5332 tenet
957 5269 1138 5332 inmediste
1154 5269 1195 5331 de
1211 5266 1385 5332 heredibus
1400 5268 1497 5331 Alani
1512 5268 1552 5331 de
1569 5220 1903 5353 Goldyughemcertn
1925 5276 2029 5338 terres

515 5367 548 5426 ct
565 5363 756 5453 tenementa
771 5358 805 5419 in
821 5358 933 5421 Pruvs
949 5356 1066 5423 Tuom>
1081 5376 1139 5440 per
1154 5358 1326 5419 servicium
1341 5357 1366 5442 j.
1383 5356 1407 5421 f.
1424 5375 1467 5421 m.

556 5533 721 5602 Johsunes
744 5533 870 5597 Retclif
890 5540 981 5598 tenet
1004 5534 1186 5613 inmediste
1212 5536 1253 5600 de
1276 5534 1450 5601 heredibus
1474 5534 1634 5599 Willelmi
1659 5534 1691 5598 le
1720 5532 1907 5599 Marischsll
1937 5540 2027 5603 certe

512 5627 615 5687 terras
631 5628 667 5685 et
682 5625 875 5686 tenements
890 5624 925 5684 in
941 5622 1081 5689 annou
1096 5643 1155 5708 per
1170 5625 1344 5688 servicium
1358 5624 1383 5710 j.
1400 5624 1424 5690 i.
1441 5644 1485 5689 m.

555 5796 698 5863 Thomas
733 5797 841 5862 Torell
877 5803 971 5862 tenet
1006 5800 1186 5865 iumediete
1223 5802 1263 5865 de
1299 5758 1418 5866 comite
1454 5799 1688 5865 Richemondie
1725 5768 1814 5865 certe
1850 5804 1953 5864 terres
1989 5804 2025 5880 et

513 5890 703 5957 tenements
718 5886 753 5948 in
772 5886 1015 5954 Scnsnusuuue
1030 5908 1086 5975 per
1101 5888 1277 5959 servicium
1293 5889 1393 5957 tercie
1409 5890 1512 5977 pertis
1526 5888 1551 5975 j.
1567 5887 1592 5953 f.
1608 5908 1653 5955 m.
