5000 7050
1086 1084 1166 1151 Ar).
1193 1088 1287 1185 1431τ
1875 1084 1937 1149 ser

483 1364 586 1435 Alicia
601 1369 791 1459 Skypvvyth,
808 1375 971 1461 quondam
985 1396 1064 1440 uxor
1079 1375 1237 1440 Jchunnis
1254 1376 1433 1461 Skypvryth
1449 1377 1489 1439 ds
1511 1374 1542 1437 N
1544 1377 1696 1439 uncctom
1720 1376 1755 1436 in
1779 1374 1938 1437 comitatu
2028 1380 2032 1387 '

439 1458 594 1540 predict0,
620 1461 729 1539 vidua,
754 1462 820 1525 fuit
844 1464 955 1526 scisits
980 1469 1041 1528 etc.
1068 1464 1109 1527 de
1135 1466 1230 1528 terris
1260 1472 1295 1528 et
1324 1465 1520 1527 tenementis
1549 1464 1585 1526 in
1616 1463 1831 1529 Inconcusns
1861 1481 1935 1523 cum

437 1548 660 1627 pertinenciis,
677 1554 712 1611 et
726 1555 837 1613 utrum
853 1554 1006 1613 tenentur
1020 1571 1076 1633 per
1091 1553 1261 1615 servicium
1276 1552 1430 1631 militare,
1446 1551 1496 1614 vel
1510 1571 1587 1627 non,
1601 1551 1763 1634 ignorant,
1778 1555 1810 1612 et
1826 1548 1936 1611 valent

440 1652 635 1716 perannum
649 1636 736 1699 ultre
751 1638 885 1720 reprisas
901 1638 1003 1724 xxiiij.
1012 1640 1046 1703 li.

484 1783 643 1849 Robcrtus
666 1785 857 1871 Petverdyn
882 1789 923 1851 de
948 1787 1073 1851 Burton
1098 1788 1288 1873 Petwsrdyn
1312 1791 1348 1851 in
1374 1790 1532 1851 comitutu
1555 1788 1713 1871 predicto,
1740 1788 1845 1865 miles,
1874 1788 1939 1851 fuit

436 1872 569 1935 seisitus
583 1880 646 1939 etc.
662 1874 704 1939 de
717 1878 811 1939 terris
826 1881 860 1939 et
875 1878 1073 1939 tenementis
1087 1877 1123 1938 in
1138 1877 1336 1943 Fcrsunusv
1351 1882 1385 1939 et
1399 1877 1587 1943 sturunr
1611 1897 1686 1939 cum
1709 1875 1933 1959 pertinenciis,

437 1962 473 2021 et
486 1963 597 2022 utrum
612 1966 765 2025 tenentur
779 1983 836 2046 per
850 1964 1021 2027 servicium
1036 1964 1192 2041 militare,
1209 1964 1258 2027 vel
1273 1984 1349 2042 non,
1369 1967 1532 2048 ignorant,
1547 1970 1581 2026 et
1604 1964 1713 2026 valent
1734 1984 1790 2047 per
1812 1982 1934 2025 annum

440 2045 529 2109 ultre
545 2049 683 2131 reprisas
698 2070 728 2114 x.
741 2072 838 2116 marc.

485 2198 643 2263 Katerins
664 2200 704 2264 de
729 2200 838 2286 Spayn
861 2203 901 2265 de
925 2202 1029 2266 Leeks
1054 2204 1090 2266 in
1116 2204 1277 2267 comitatu
1302 2203 1463 2286 predicto,
1478 2204 1587 2280 vidus,
1601 2203 1666 2267 fuit
1692 2204 1803 2267 seisitc
1818 2210 1881 2267 etc.
1898 2203 1938 2266 de

441 2287 535 2349 terris
560 2293 594 2350 et
619 2292 817 2353 tenementis
843 2292 877 2353 in
909 2290 1106 2362 ansunusv
1130 2298 1164 2354 et
1188 2291 1380 2358 anrnonc
1408 2312 1483 2354 cum
1512 2291 1730 2373 pertinenciis,
1764 2296 1798 2354 et
1826 2295 1939 2353 utrum

441 2378 595 2437 tenentur
620 2396 677 2458 per
699 2378 870 2441 servicium
894 2378 1046 2458 militare,
1064 2379 1115 2441 vel
1142 2397 1217 2457 uon,
1243 2380 1406 2461 ignorant,
1430 2386 1463 2441 et
1490 2378 1602 2442 velent
1628 2397 1826 2461 perannum
1853 2377 1939 2441 ultra

442 2462 580 2543 repriscs
598 2483 648 2528 xx.
658 2485 755 2529 crure.

487 2607 645 2672 Robertus
672 2608 800 2674 Gowtcn
828 2609 868 2673 de
894 2610 1004 2696 Burgh
1031 2612 1066 2673 in
1092 2609 1231 2674 Marisco
1255 2614 1289 2675 in
1315 2613 1474 2675 comitatu
1496 2612 1652 2695 predicto,
1664 2611 1860 2695 geutelmcn,
1876 2611 1941 2674 fuit

444 2697 574 2759 scisitus
609 2707 670 2760 etc.
697 2696 737 2760 de
774 2699 866 2761 terris
903 2704 935 2761 et
966 2700 1165 2762 tenementis
1194 2699 1229 2760 in
1260 2699 1383 2764 Bunsu
1412 2700 1557 2782 predicte
1585 2704 1620 2762 et
1648 2698 1841 2765 Wvuruone
1866 2718 1939 2760 cum

443 2785 665 2867 pertinenciis,
683 2790 716 2847 et
731 2790 842 2847 utrum
857 2790 1010 2848 tenentur
1025 2807 1082 2869 per
1096 2788 1268 2849 servicium
1283 2787 1437 2865 militare,
1449 2786 1498 2849 vel
1513 2807 1589 2863 non,
1599 2788 1763 2869 ignorant,
1777 2806 1815 2848 sc
1829 2785 1941 2848 valent

445 2891 638 2955 perannum
653 2873 740 2936 ultre
753 2873 889 2955 reprisas
904 2873 974 2959 viij.
983 2875 1016 2937 li.

488 3019 652 3084 Johannes
684 3018 857 3084 Hcrdbene
887 3019 928 3083 dc
959 3018 1089 3105 Byshop
1124 3018 1249 3083 Norton
1282 3021 1316 3081 in
1351 3020 1521 3098 comitatu,
1546 3018 1722 3096 Lincolnie,
1743 3020 1943 3102 gentelman,

446 3108 508 3170 tuit
543 3108 672 3171 scisitus
704 3116 766 3173 etc.
791 3108 830 3171 de
865 3108 960 3169 terris
993 3118 1027 3170 et
1061 3108 1260 3170 tenementis
1292 3108 1327 3169 in
1361 3108 1482 3172 Bunsu
1504 3108 1539 3168 in
1561 3106 1591 3169 le
1614 3106 1747 3185 Msusu,
1771 3128 1808 3168 ac
1830 3114 1941 3171 utrum

445 3200 596 3258 tenentur
610 3214 667 3277 per
693 3195 865 3258 servicium
891 3195 1046 3271 militare,
1069 3195 1119 3258 vel
1146 3214 1221 3272 non,
1245 3196 1410 3278 ignorant,
1435 3202 1470 3256 et
1493 3194 1603 3257 valent
1628 3214 1832 3277 perannum
1855 3196 1943 3259 ultre

444 3283 582 3366 reprisas
597 3282 717 3369 exiijs.
734 3282 835 3367 iiiju.

489 3429 652 3495 Johannes
676 3431 813 3514 Myneot
836 3431 876 3494 de
900 3431 1003 3495 Parve
1030 3430 1178 3517 Stepyng
1202 3432 1237 3494 in
1267 3433 1428 3496 comitatu
1458 3432 1616 3514 predicto,
1646 3433 1846 3517 gentelman,
1877 3436 1943 3498 init

445 3522 575 3584 seisitus
601 3526 664 3584 etc.
679 3520 721 3582 sd
745 3520 922 3583 terminum
938 3520 1006 3584 vite
1031 3540 1087 3584 sue
1102 3520 1140 3583 de
1156 3519 1297 3605 quodam
1311 3540 1419 3582 annuo
1433 3519 1563 3582 redditu
1578 3522 1684 3582 oneris
1698 3519 1740 3586 ix.
1752 3523 1786 3586 li.
1803 3522 1943 3586 declaro

446 3617 585 3672 exeunte
600 3608 640 3671 de
656 3607 750 3670 terris
765 3612 799 3670 et
815 3609 1012 3670 tenementis
1028 3607 1191 3692 quondum
1208 3606 1365 3671 Willelmi
1380 3604 1508 3668 Bernclr
1523 3607 1562 3669 de
1577 3605 1689 3691 Burgh
1703 3609 1861 3690 predicte.

489 3771 668 3835 Alexander
683 3769 853 3854 Gypthorp
868 3771 908 3834 de
926 3770 1100 3834 Brcdholm
1115 3772 1149 3833 in
1160 3745 1324 3832 'comitutu
1338 3769 1496 3853 predicto,
1509 3770 1703 3853 gentilman,
1727 3771 1792 3834 fuit
1814 3773 1944 3836 seisitus

372 3855 375 3861 “
444 3865 507 3924 etc.
532 3859 572 3923 de
602 3859 698 3921 terris
726 3864 761 3922 et
789 3860 984 3922 tenementis
1013 3859 1047 3921 in
1078 3859 1200 3924 Busan
1230 3858 1264 3920 in
1290 3857 1320 3921 le
1350 3856 1483 3936 Mnusn,
1509 3863 1543 3920 et
1568 3861 1678 3920 utrum
1705 3862 1859 3922 tenentur
1887 3881 1944 3944 per

446 3947 620 4010 servicium
635 3945 789 4026 militare,
803 3945 855 4010 vel
869 3965 947 4022 non,
960 3946 1121 4030 ignorant.

490 4098 511 4162 J
513 4097 653 4161 ohannes
668 4096 850 4181 Themylby
863 4097 903 4161 de
919 4096 1040 4160 Boston
1055 4098 1090 4160 in
1105 4098 1264 4161 comitatu
1280 4097 1435 4180 predicto,
1447 4096 1721 4182 gentelmun,fuit
1735 4100 1866 4162 seisitus
1881 4106 1944 4167 etc.
2027 4109 2030 4114 '

447 4188 487 4250 sd
502 4187 680 4249 terminum
689 4187 756 4248 vite
772 4205 830 4250 sue
844 4185 884 4248 de
896 4185 1034 4270 quodam
1049 4204 1155 4248 annuo
1170 4183 1300 4248 redditu
1314 4187 1420 4247 oneris
1436 4184 1474 4247 de
1489 4184 1575 4247 claro
1589 4184 1632 4247 xl.
1641 4207 1738 4251 marc.
1755 4193 1890 4251 exeunte
1905 4189 1946 4251 de

446 4275 540 4338 terris
556 4278 590 4336 et
605 4273 802 4336 tenementis
818 4292 921 4355 nuper
936 4272 1059 4335 Thome
1073 4269 1251 4356 Themylby
1267 4274 1302 4334 in
1318 4274 1450 4339 Asunsv
1460 4272 1556 4355 juxta
1571 4272 1756 4338 Pessum.

490 4421 655 4488 Jchsnnes
680 4421 800 4506 Gunby
822 4423 863 4486 de
885 4421 1006 4505 Gunby
1020 4423 1061 4485 de
1076 4423 1189 4485 eodem
1205 4423 1375 4499 comitatu,
1390 4423 1589 4506 gentelmen,
1605 4423 1669 4486 fuit
1684 4426 1811 4489 seisitus
1826 4430 1888 4494 etc.
1906 4427 1947 4491 de

446 4512 542 4576 terris
556 4515 589 4574 et
604 4511 802 4573 tenementis
817 4512 852 4572 in
871 4509 1001 4588 Guusv,
1018 4509 1219 4587 Wrrsmrmen
1238 4509 1486 4575 Hcssnsrucnr
1500 4515 1534 4572 et
1559 4510 1681 4576 Burrus
1708 4513 1742 4573 in
1767 4514 1797 4576 le
1823 4513 1947 4580 Mensis

447 4619 522 4662 cum
548 4597 768 4681 pertinenciis,
793 4605 827 4660 et
851 4605 962 4660 utrum
978 4602 1133 4659 tenentur
1148 4617 1205 4680 per
1220 4596 1392 4659 servicium
1407 4596 1559 4675 militare,
1576 4597 1625 4660 vel
1640 4618 1716 4678 non,
1731 4600 1894 4684 ignorant,
1913 4612 1948 4665 et

448 4686 557 4752 velent
572 4703 767 4768 perannum
783 4684 869 4748 ultra
883 4685 1023 4767 reprisss
1038 4703 1100 4749 es.

490 4836 655 4900 Johannes
669 4835 764 4898 Flore
779 4835 820 4898 de
836 4832 958 4899 Ocham
974 4837 1009 4897 in
1023 4836 1183 4898 comitatu
1200 4835 1391 4912 Rutteland‚
1414 4835 1613 4919 gentelman,
1641 4836 1705 4900 fuit
1730 4841 1860 4903 reicitur
1884 4847 1948 4904 etc.

448 4923 489 4987 de
514 4924 610 4986 terris
632 4927 667 4985 et
696 4924 895 4986 tenementis
923 4923 959 4984 in
991 4923 1164 4988 Burvrosr
1193 4928 1228 4985 et
1259 4924 1397 4988 Hrnrou
1428 4944 1503 4984 cum
1533 4924 1754 5005 pertinenciis,
1779 4931 1812 4988 et
1837 4933 1948 4992 utrum

448 5016 601 5113 tenentur
626 5029 683 5111 per
709 5011 881 5074 servicium
904 5010 1059 5088 militare,
1083 5010 1133 5072 vel
1158 5029 1235 5087 non,
1260 5010 1424 5094 ignorant,
1448 5017 1483 5072 et
1498 5010 1610 5073 velent
1635 5032 1691 5093 per
1717 5033 1841 5076 annum
1863 5016 1949 5079 ultra

449 5118 586 5182 reprrsas
601 5117 697 5182 cvps.

492 5249 656 5312 Jchannes
679 5245 849 5310 Constable
876 5246 917 5309 de
947 5245 1040 5329 Swyn
1065 5248 1099 5310 in
1124 5247 1283 5310 comitatu
1306 5245 1453 5324 Eboraci,
1478 5267 1580 5331 sqyer,
1595 5246 1658 5311 fuit
1682 5250 1813 5311 seisitus
1829 5255 1892 5314 etc.
1909 5251 1948 5314 de

448 5337 543 5400 terris
580 5341 615 5399 et
652 5335 850 5398 tenementis
886 5334 921 5395 in
958 5334 1107 5412 Hsnvou,
1149 5335 1311 5410 superus,
1343 5333 1545 5412 Wrurnoree,
1583 5342 1618 5396 et
1648 5335 1837 5402 sturnnr
1874 5358 1947 5400 cum

449 5423 667 5507 pertinenciis,
684 5428 719 5484 et
733 5427 844 5483 utrum
860 5426 1012 5484 tenentur
1028 5441 1083 5504 per
1099 5422 1272 5484 servicium
1287 5421 1439 5498 militare,
1454 5421 1506 5483 vel
1521 5439 1598 5497 non,
1612 5422 1776 5505 ignorant,
1789 5429 1822 5485 et
1839 5423 1950 5487 velent

449 5530 642 5594 perannum
658 5509 745 5571 ultra
760 5508 897 5590 reprisus
914 5509 984 5572 nli.
1001 5507 1077 5591 vj.s.
1095 5505 1204 5592 viij.d.

493 5659 786 5743 Ricardns,Haugh
801 5659 842 5720 de
858 5658 978 5742 Haugh
994 5661 1030 5721 in
1046 5660 1206 5723 comitutu
1221 5660 1377 5742 predicto,
1391 5659 1592 5740 gentelman‚
1607 5659 1673 5720 fuit
1687 5661 1814 5722 scisitus
1828 5665 1890 5722 etc.
1907 5662 1949 5724 de

450 5751 545 5813 terris
560 5753 594 5812 et
609 5748 805 5811 tenementis
820 5746 854 5807 in
871 5747 1006 5824 Hense,
1022 5747 1168 5822 Horcsr,
1198 5747 1382 5822 Successus,
1409 5755 1443 5807 et
1469 5746 1591 5810 Bussu
1617 5748 1651 5809 in
1676 5745 1704 5807 le
1728 5747 1851 5811 Mensis
1875 5769 1951 5810 cum

450 5836 669 5920 pertinenciis,
686 5841 721 5896 et
735 5838 846 5896 utrum
862 5840 1018 5896 tenentur
1033 5854 1090 5917 per
1106 5835 1276 5897 servicium
1291 5832 1447 5908 militare,
1462 5832 1511 5896 vel
1526 5850 1602 5911 non,
1618 5833 1781 5913 ignorant,
1792 5839 1827 5894 et
1842 5834 1952 5897 valent

452 5945 507 6008 per
521 5942 646 5987 annum
660 5921 747 5984 ultra
762 5922 901 6001 reprisus
915 5940 946 5984 x.
955 5921 989 5984 li.
1335 5945 1338 5948 ⁴
