5000 7050
505 1119 571 1186 ΞΜ
1158 1117 1367 1189 ΙιῙΝΟΟῘιΝ.

548 1402 690 1466 Heredes
716 1402 859 1465 Gallridi
881 1403 923 1466 ds
949 1401 1057 1467 Brune
1081 1406 1197 1468 tenent
1219 1405 1269 1490 iij.
1285 1409 1412 1488 partem
1438 1406 1463 1488 j.
1480 1404 1503 1468 f.
1519 1405 1555 1465 in
1577 1402 1707 1480 Βιιιιιιιι,
1726 1421 1823 1486 quem
1843 1398 2010 1464 Gallridus

505 1487 591 1552 filius
604 1487 696 1552 Jooei
712 1489 876 1574 quondam
891 1491 1013 1554 tenuit.

548 1623 689 1689 Thomas
703 1626 744 1689 de
767 1626 933 1712 Bssynges
955 1631 1048 1691 tenet
1074 1627 1111 1712 ij.
1128 1632 1235 1711 parles
1258 1628 1282 1714 j.
1298 1627 1322 1692 f.
1339 1628 1372 1691 in
1398 1629 1552 1706 Roxnsrr,
1577 1647 1658 1712 quas
1684 1626 1844 1702 Roherius
1870 1625 1911 1689 de
1936 1624 2009 1687 Hoo

505 1714 669 1797 quondam
684 1715 803 1780 tenuit.

915 2084 1031 2151 Troos
1052 2082 1257 2152 EPISOOPI
1279 2081 1602 2152 EBORAOENSIS.

548 2243 634 2308 Item
649 2245 765 2308 dicunt
778 2246 863 2331 quod
874 2268 929 2309 :-

547 2382 730 2454 willelmus
753 2381 794 2445 se
820 2382 916 2447 oms
943 2383 1037 2467 Lupo
1062 2388 1155 2448 tenet
1177 2386 1202 2470 j.
1217 2384 1241 2448 f.
1256 2386 1291 2449 sn
1316 2386 1527 2465 mosmos,
1543 2385 1628 2471 quos
1644 2379 1836 2464 Radulphus
1850 2380 1892 2443 se
1906 2377 2010 2461 Driby

504 2471 670 2556 quondam
685 2471 806 2536 tenuit.

547 2606 713 2672 Johsnnes
739 2607 780 2670 de
802 2606 918 2672 Golvill
941 2613 1037 2672 tenet
1058 2609 1103 2674 di.
1118 2608 1143 2674 f.
1160 2611 1195 2673 in
1214 2610 1436 2688 Smmororr,
1450 2611 1536 2696 quod
1551 2608 1692 2673 Thomas
1706 2607 1747 2670 de
1763 2604 1882 2668 Sancto
1898 2601 2009 2666 Laudo

506 2694 668 2781 quondam
683 2695 804 2760 tenuit.

550 2830 657 2894 Ahhas
680 2832 722 2895 de
736 2831 830 2894 Valle
858 2831 921 2896 Dei
945 2836 1040 2896 henot
1063 2832 1109 2897 di.
1124 2833 1149 2898 f.
1165 2832 1236 2918 viij.
1253 2840 1379 2916 partem
1409 2839 1467 2914 (et)
1496 2833 1595 2918 xxxij.
1612 2836 1739 2916 portem
1753 2831 1779 2916 j.
1795 2827 1818 2892 f.
1835 2828 1869 2891 in
1884 2827 2007 2906 Esrors,

397 2968 405 2988 .
506 2920 593 3003 quod
607 2918 793 2983 Willelmus
807 2918 957 3003 Palefroy
973 2919 1136 3004 quondam
1151 2922 1273 2986 tenuit.

550 3056 642 3119 Prior
656 3055 837 3138 Hospiislis
851 3059 944 3118 tenet
958 3056 1017 3140 xij,
1034 3063 1215 3139 pstremo.
1231 3063 1369 3140 partem,
1385 3061 1420 3121 ei
1434 3075 1538 3121 ooooo.
1557 3062 1682 3141 partem
1696 3053 1778 3117 diesi
1794 3053 1817 3117 f.
1833 3052 1866 3114 in
1883 3050 2007 3128 eodem,

506 3163 585 3229 quss
599 3143 754 3227 magister
769 3142 893 3206 milicie
908 3141 1039 3226 Templi
1055 3143 1218 3227 quondam
1233 3145 1353 3209 lenuit.
2067 3149 2075 3171 ¹

549 3276 691 3341 Thomas
700 3278 740 3341 de
749 3274 853 3340 Melos
863 3281 957 3341 tenet
967 3277 1013 3342 di.
1024 3276 1048 3342 f.
1058 3277 1125 3363 xvj.
1135 3281 1263 3360 portem
1275 3281 1334 3356 (st)
1348 3298 1429 3342 coeo.
1441 3283 1567 3361 partem
1579 3297 1634 3342 un.
1646 3277 1669 3342 f.
1682 3278 1740 3357 (in)
1752 3277 1925 3343 Βιιιιιιοιιιι
1938 3277 2005 3355 (sio)

505 3376 540 3430 et
555 3366 729 3443 Wshcors,
743 3385 807 3449 que
822 3361 988 3428 lohannes
1003 3364 1043 3428 do
1060 3364 1165 3428 Melos
1178 3365 1299 3430 tenuit.

549 3501 642 3566 Prior
657 3502 697 3566 de
713 3499 841 3565 Cattele
857 3505 951 3565 tenet
966 3501 1017 3586 iij.
1033 3507 1162 3585 partem
1177 3501 1259 3566 dioli
1272 3501 1296 3566 f.
1311 3502 1346 3564 in
1361 3501 1486 3566 eedem.

507 3639 641 3793 ιθΡιίὶοι
651 3638 834 3722 Hospitalis
848 3644 939 3703 tenet
953 3638 997 3704 xl.
1006 3644 1138 3722 perlem
1149 3639 1230 3702 dicti
1245 3639 1269 3704 l.
1283 3659 1382 3722 quam
1397 3639 1552 3723 magister
1567 3638 1689 3701 milioie
1703 3638 1832 3723 Templi
1848 3639 2010 3725 quondam

541 3748 600 3791 nm
618 3772 627 3790 .

549 3864 654 3928 Abbas
669 3863 711 3927 de
726 3862 912 3949 Kyrkslede
927 3867 1023 3928 tensi
1037 3864 1108 3950 xiij.
1124 3869 1254 3948 partem
1270 3864 1351 3927 dicti
1366 3864 1391 3928 f.
1407 3864 1442 3925 in
1458 3864 1582 3927 eodem.

550 4002 691 4064 Thomas
705 3999 790 4064 Roos
803 4003 896 4064 tonet
910 3999 934 4085 j.
953 4000 976 4064 f.
993 4001 1028 4063 in
1045 4000 1215 4078 Dovsssr,
1229 3999 1317 4085 quod
1334 4000 1433 4084 Hugo
1448 3999 1536 4064 filius
1551 3998 1720 4083 Radulphi
1735 4001 1858 4065 lenuit.

551 4137 645 4201 Prior
658 4137 699 4201 de
713 4135 973 4222 Semprynghsm
988 4142 1081 4201 tenet
1095 4138 1141 4203 di.
1158 4136 1182 4201 f.
1197 4138 1233 4200 in
1248 4137 1445 4217 Horremus,
1461 4137 1547 4223 quod
1561 4137 1652 4201 idem
1667 4139 1754 4221 prior
1776 4142 1809 4202 si
1831 4137 2011 4220 paroenarii

507 4225 559 4289 sui
573 4225 738 4311 quondam
752 4229 940 4288 tenuerunt.

552 4362 737 4447 Margarete
760 4361 801 4424 ds
826 4358 977 4424 Goushill
1004 4365 1039 4425 el
1059 4360 1246 4425 willelmus
1269 4360 1310 4424 ds
1333 4359 1419 4424 Eton
1442 4358 1560 4425 tenent
1585 4362 1631 4425 di.
1645 4362 1669 4426 f.
1696 4362 1732 4424 in
1754 4361 2009 4439 Lsemornosr,

507 4448 593 4537 quod
608 4449 777 4514 Gslfridus
791 4449 833 4513 de
847 4448 957 4512 Brune
970 4453 1004 4513 et
1019 4448 1196 4512 Nioholsus
1212 4448 1253 4511 de
1267 4447 1356 4511 Eion
1371 4447 1535 4533 quondam
1550 4452 1735 4513 tenuerunt.

937 4835 1051 4902 Thoos
1074 4834 1256 4903 GOMITIS
1278 4834 1586 4902 ALBEMARLIE.

554 5003 642 5067 Item
658 5003 774 5066 dieunt
789 5002 872 5087 quod
885 5026 938 5066 :—

511 5121 533 5292 t'
552 5140 714 5291 Roltiertus
727 5139 769 5202 de
783 5138 919 5203 colevill
934 5142 1027 5202 tenet
1041 5136 1078 5222 ij.
1094 5138 1118 5204 f.
1135 5140 1171 5202 in
1187 5138 1334 5216 ersrr,
1353 5158 1417 5224 que
1439 5137 1602 5202 Wsllsrus
1625 5137 1664 5201 ds
1688 5136 1824 5202 Oolevill
1846 5135 2011 5222 quondam

527 5247 604 5291 enm
622 5273 631 5291 .

554 5366 662 5515 Roget
691 5364 800 5428 Beller
828 5368 920 5428 tenet
944 5362 1148 5441 Hsoswsno,
1172 5364 1259 5449 quod
1289 5362 1440 5429 dominus
1469 5385 1524 5429 rex
1553 5363 1673 5441 tenuit,
1703 5368 1755 5427 sei
1779 5362 1924 5426 nescitur
1953 5380 2011 5443 pro

511 5472 597 5539 quan
634 5499 643 5516 .

552 5585 748 5650 Edmundus
762 5584 850 5649 filius
865 5584 1025 5653 Willelmi
1041 5584 1227 5671 Deynoourt
1240 5591 1275 5651 et
1289 5583 1454 5653 lohannes
1469 5587 1509 5652 de
1524 5584 1674 5652 Caldoost
1697 5590 1814 5651 tenent
1836 5585 1885 5671 iij.
1902 5590 2011 5669 partes

510 5676 535 5761 j.
551 5674 575 5739 f.
590 5676 626 5738 in
639 5674 830 5753 limosos,
846 5692 924 5758 quas
939 5672 961 5735 J
962 5673 1105 5737 ohannes
1120 5674 1161 5737 ds
1176 5673 1307 5738 Multos
1322 5677 1445 5740 tenuit.

552 5813 643 5877 Prior
658 5810 777 5878 Soneio
791 5810 950 5876 Koterine
965 5817 1058 5877 tenet
1072 5834 1103 5878 v.
1118 5819 1245 5897 partem
1261 5814 1306 5880 di.
1322 5812 1345 5878 f.
1360 5816 1396 5878 in
1414 5816 1581 5882 Nsvsrrsr.

553 5950 647 6015 Prior
660 5950 700 6015 do
717 5947 939 6038 (fflsverholm
948 5955 1045 6016 'tenet
1059 5951 1122 6038 iiij.
1136 5957 1246 6035 psrtss
1263 5951 1308 6017 di.
1323 5953 1347 6018 f.
1362 5953 1399 6017 in
1414 5952 1656 6021 ersoovss.
