5000 7050
547 1120 611 1185 856
912 1140 915 1147 ·
1191 1114 1398 1185 LINCOLN.

596 1399 774 1465 willelmus
790 1400 927 1485 Ingelby
941 1399 981 1465 ds
996 1398 1120 1484 Rypley
1133 1401 1170 1463 in
1184 1402 1346 1463 comitatu
1361 1398 1509 1475 Eboraci,
1522 1396 1676 1481 armiger,
1690 1393 1758 1457 init
1772 1392 1903 1457 seisitus
1924 1394 1988 1455 etc.
2004 1390 2047 1453 de

548 1489 683 1551 diversis
705 1488 809 1552 terris·
824 1493 859 1551 et
883 1488 1077 1551 tenementis
1101 1508 1176 1550 cum
1198 1488 1266 1550 suis
1278 1487 1490 1569 pertinenciis
1504 1488 1538 1548 in
1557 1485 1826 1559 Summanos,
1843 1483 1878 1543 et
1892 1482 2050 1543 tenentur

550 1596 608 1659 per
621 1575 790 1639 servicium
806 1576 930 1639 decime
945 1576 1047 1659 partis
1062 1595 1118 1639 un.
1137 1576 1159 1641 l.
1177 1595 1221 1639 m.

594 1716 753 1795 Johanna,
768 1739 831 1802 que
845 1718 911 1781 fuit
925 1739 1004 1781 uxor
1019 1718 1154 1781 Gerardi
1171 1714 1292 1781 Sothill
1305 1718 1346 1780 de
1363 1717 1542 1792 Liucoluis,
1558 1715 1702 1792 wedowe,
1719 1714 1783 1777 init
1797 1713 1910 1775 scisita
1928 1717 1991 1775 etc.
2007 1711 2047 1773 de

550 1807 686 1870 diversis
701 1808 796 1870 terris
810 1812 844 1869 et
857 1806 1058 1869 tenementis
1070 1827 1145 1867 cum
1161 1807 1227 1868 suis
1242 1806 1452 1890 pertinenciis
1474 1806 1509 1867 in
1533 1804 1731 1878 Hsursouu,
1753 1808 1789 1863 et
1814 1803 1968 1863 tenentur
1991 1819 2047 1880 per

551 1895 721 1995 servicium
737 1893 860 1957 decime
877 1896 979 1976 partis
993 1912 1049 1958 uu.
1066 1894 1090 1957 f.
1107 1914 1151 1957 m.

595 2036 778 2100 ll’illelmus
794 2036 955 2120 lirwhytt
969 2037 1008 2100 de
1023 2036 1271 2121 Buslyngthorp
1285 2038 1320 2100 in
1336 2039 1494 2100 comitatu
1508 2035 1688 2114 Liucolnie,
1704 2034 1812 2111 miles,
1831 2033 1897 2095 fuit
1918 2032 2048 2094 scisitus

551 2130 612 2275 {tp
622 2126 843 2274 fdinmanfflio
864 2125 905 2188 de
921 2126 1052 2190 Fuvssv
1067 2146 1142 2187 cum
1158 2126 1379 2207 pertinenciis,
1395 2129 1429 2187 et
1443 2129 1577 2187 tenetur
1591 2144 1648 2206 per
1662 2121 1833 2185 servicium
1848 2139 1931 2182 none
1947 2119 2049 2201 partis

595 2340 765 2419 Predictus
779 2356 962 2420 Willelmus
977 2357 1136 2440 Tirwhytt
1152 2362 1186 2421 et
1202 2358 1281 2421 socii
1297 2357 1348 2420 sui
1361 2356 1493 2421 fuerunt
1520 2356 1625 2419 seisiti
1650 2360 1713 2419 etc.
1730 2354 1771 2417 de
1794 2353 1929 2416 diversis
1955 2351 2047 2413 terris

552 2450 588 2507 et
611 2446 809 2507 tenementis
835 2466 908 2507 oum
935 2447 1001 2507 suis
1026 2446 1242 2527 pertinenciis
1268 2446 1304 2508 in
1330 2445 1571 2522 Hum’nswsnn,
1587 2453 1622 2505 et
1637 2448 1791 2505 tenentur
1805 2461 1863 2523 per
1877 2440 2046 2502 servicium

551 2532 676 2595 decime
691 2533 794 2614 partis
808 2552 863 2596 un.
879 2531 905 2597 f.
921 2553 967 2597 m.

595 2674 739 2739 Michael
767 2676 807 2739 de
835 2676 867 2739 le
897 2676 985 2754 Pole,
1014 2696 1123 2739 comes
1153 2674 1391 2753 Southfolohie,
1418 2676 1483 2738 fuit
1513 2676 1644 2738 seisitus
1673 2680 1736 2738 etc.
1768 2674 1810 2736 de
1839 2673 1983 2735 manerio
2008 2670 2048 2734 de

543 2763 738 2855 ,Briossus
753 2784 827 2826 cum
843 2764 1063 2845 pertinenciis,
1078 2768 1113 2827 et
1127 2769 1260 2827 tenetur
1275 2784 1332 2846 per
1345 2764 1517 2826 servicium
1532 2782 1589 2826 un.
1605 2762 1629 2826 f.
1645 2782 1690 2827 m.

594 2906 686 2969 Prior
700 2907 741 2971 de
756 2907 942 2991 Bolyngton
957 2908 991 2970 in
1005 2908 1166 2971 comitatu
1182 2907 1352 2970 Lincolnie
1366 2907 1433 2969 luit
1447 2908 1580 2970 seisitus
1595 2910 1658 2970 eto.
1675 2905 1716 2968 de
1741 2904 1875 2967 diversis
1898 2903 1993 2966 terris
2015 2909 2050 2965 et

550 2996 747 3057 tenementis
772 3015 846 3057 oum
870 2996 936 3057 suis
960 2994 1171 3077 pertinenciis
1194 2996 1229 3057 in
1254 2996 1398 3073 Isonsns,
1424 2994 1610 3077 perquisitis
1635 2996 1710 3077 post
1724 3012 1846 3054 annum
1860 2992 2049 3054 vicesimum

551 3082 636 3165 regis
650 3081 801 3145 Edwardi
816 3082 924 3165 primi,
940 3088 976 3145 et
990 3086 1143 3145 tenentur
1158 3103 1215 3165 per
1230 3087 1356 3145 sextam
1371 3089 1498 3165 partem
1512 3100 1568 3145 uu.
1584 3079 1609 3145 i.
1625 3102 1668 3143 m.

595 3225 640 3289 Et
654 3225 793 3289 ulterius
808 3226 924 3290 dicunt
938 3226 1025 3311 quod
1039 3246 1105 3289 nou
1120 3230 1198 3290 sunt
1211 3226 1307 3310 plurs
1321 3230 1384 3292 etc.
1431 3226 1472 3289 In
1486 3225 1579 3309 cujus
1593 3224 1642 3287 rei
1658 3225 1881 3288 testimonium
1896 3227 1958 3288 etc.

753 3583 764 3590 ·
820 3632 823 3638 ,
937 3567 1228 3635 Wlennursomuu
1252 3587 1295 3630 nu
1318 3565 1668 3633 WALGEROFFTE.

492 3765 494 3772 ν
595 3728 771 3812 Inquisicio
788 3733 895 3810 ,cepta
924 3729 1011 3812 apud
1041 3726 1353 3811 Glsumlorthbrygg
1382 3727 1434 3790 die
1464 3727 1617 3790 Mercurii
1646 3727 1792 3810 proximo
1828 3732 1903 3810 post
1931 3728 2049 3791 festum

551 3814 736 3899 Epiphanio
752 3815 881 3878 Domini
899 3816 1091 3900 snuoregui
1107 3816 1192 3899 regis
1208 3814 1341 3879 Heurici
1357 3815 1442 3877 sexti
1458 3820 1530 3897 post
1546 3820 1758 3897 conquestum
1773 3815 1892 3898 Anglie
1913 3814 2049 3894 decimo,

552 3904 796 3966 coramThoms
811 3902 934 3965 Scuton
962 3907 1030 3980 (etc.
1046 3925 1082 3966 as
1098 3904 1224 3986 before),
1250 3921 1309 3986 per
1334 3907 1573 3965 sacramentum
1598 3901 1758 3966 Johsunis
1785 3900 1984 3966 Chesterfeld
2009 3904 2049 3966 de

552 3991 718 4074 Estrasyu,
734 3988 894 4052 lobannis
912 3987 1048 4072 Wryght
1063 3990 1103 4052 de
1117 3990 1240 4067 eedem,
1255 3987 1415 4052 Johanuis
1430 3988 1523 4052 Auke
1546 3989 1586 4052 de
1610 3990 1736 4065 eadem,
1762 3989 1896 4053 Roberti
1922 3989 2050 4064 deer

553 4078 593 4140 de
608 4077 763 4156 Tevelby,
780 4074 939 4139 lobannis
952 4076 1081 4140 Wallrer
1096 4077 1136 4140 de
1164 4077 1290 4155 eudem,
1312 4077 1471 4140 Willelmi
1496 4076 1634 4162 Mysden
1658 4077 1699 4140 de
1723 4074 1904 4161 Bynbroke‚
1923 4078 2051 4140 Ricardi

553 4163 700 4228 Johnson
723 4164 764 4226 dc
778 4164 1010 4248 Thorgmmby,
1026 4163 1047 4226 J
1049 4161 1185 4227 ohannis
1204 4163 1321 4247 Smyth
1336 4164 1376 4226 de
1391 4164 1516 4240 eadem,
1529 4161 1690 4227 Johannis
1705 4164 1845 4248 Wryght
1859 4164 1900 4227 de
1916 4163 2050 4248 Croxby,

553 4249 712 4315 Johanuis
740 4250 918 4335 Msytheue
947 4251 988 4314 de
1012 4251 1285 4334 Northsteyuton,
1312 4250 1468 4314 Willelmi
1498 4249 1669 4314 Jemessou
1692 4251 1732 4314 de
1758 4249 1894 4334 Croxby,
1919 4253 2051 4315 Heurici
2176 4317 2181 4322 ,

473 4354 477 4360 ’
554 4337 742 4490 Βερὲςᾱώῖ
750 4339 791 4401 de
800 4338 940 4490 {mm
955 4339 990 4400 in
1005 4337 1063 4401 the
1077 4338 1180 4416 More,
1195 4342 1231 4402 et
1246 4335 1405 4401 Johannis
1422 4338 1528 4423 Pyper
1553 4338 1592 4400 de
1618 4339 1834 4423 Medlerasyn,
1857 4339 2052 4423 juratorum,

554 4447 611 4509 qu1
649 4446 724 4488 rcun
756 4445 800 4511 qu
852 4446 905 4488 :—

598 4615 755 4678 Ricardus
768 4614 939 4678 Hounsard
953 4577 1111 4678 de-South
1127 4613 1246 4697 Kelssy
1261 4614 1297 4675 in
1312 4615 1471 4677 comitutu
1486 4614 1667 4693 Lincolnie,
1679 4614 1828 4698 armiger,
1844 4615 1910 4678 fuit
1926 4615 2055 4678 scisitus

554 4707 629 4853 331
631 4701 698 4853 gp&
698 4703 827 4853 ppgrpn
824 4707 873 4851 etf
884 4702 1078 4852 tppementis
1102 4701 1136 4764 in
1164 4701 1277 4768 Sonus
1301 4701 1434 4767 Ksnsss
1458 4705 1493 4765 et
1519 4703 1710 4780 Tamassos,
1739 4723 1802 4785 que
1823 4708 1975 4766 tenentur
1995 4723 2054 4785 per
2137 4713 2141 4719 “

597 4929 760 5009 Johsuns,
775 4932 938 4996 comitissa
953 4930 1080 5004 Caucis,
1095 4932 1136 4995 de
1153 4931 1261 4996 Burns
1274 4933 1310 4996 in
1325 4934 1495 5020 comitatu
1507 4933 1668 5016 predicto,
1696 4934 1760 4997 fuit
1784 4922 1897 4998 seisita
1921 4938 1984 5000 etc.
2011 4935 2053 4999 de

556 5021 651 5085 terris
675 5025 708 5084 et
733 5021 930 5084 tenementis
955 5019 990 5082 iu
1019 5019 1131 5086 Sonus
1155 5020 1297 5100 Knnsss,
1314 5041 1377 5105 que
1392 5040 1458 5084 nou
1471 5025 1629 5086 tenentur
1643 5042 1699 5105 per
1713 5021 1885 5085 servicium
1898 5021 2053 5104 militare,

555 5127 619 5191 qus
635 5108 744 5172 valent
758 5127 817 5191 per
831 5126 954 5170 sunum
969 5106 1055 5170 ultra
1068 5109 1206 5190 reprisss
1220 5128 1281 5173 cs.

599 5250 783 5315 Alexander
807 5250 937 5314 Fsmcll
959 5251 1000 5314 de
1024 5251 1202 5316 Londoniis
1231 5251 1318 5333 (sic),
1341 5253 1513 5338 tayllyour,
1539 5254 1605 5317 init
1631 5254 1761 5317 seisitus
1776 5258 1839 5320 etc.
1855 5253 1897 5317 de
1911 5255 2006 5318 terris
2021 5261 2057 5320 et

555 5339 754 5403 tenementis
778 5340 813 5402 in
838 5337 910 5423 jure
934 5337 1109 5421 magarete
1130 5341 1212 5419 (sic),
1237 5341 1346 5404 uxoris
1370 5362 1437 5420 sue,
1463 5343 1499 5404 in
1523 5341 1664 5406 Hourou
1693 5341 1729 5403 in
1759 5343 1816 5405 the
1847 5341 1960 5423 Mons,
1988 5364 2053 5428 que

556 5431 711 5491 tenentur
725 5447 784 5508 per
796 5430 947 5509 quartem
961 5432 1087 5508 partem
1102 5446 1158 5491 uu.
1176 5428 1199 5491 f.
1215 5447 1260 5493 m.

598 5569 738 5633 Thomas
753 5556 992 5632 Combersrorth
1006 5569 1046 5634 dc
1062 5568 1214 5654 Somerby
1229 5573 1266 5635 iu
1281 5574 1442 5636 comitatu
1458 5572 1639 5649 Liucolnie,
1652 5573 1758 5651 miles,
1767 5573 1833 5637 iuit
1847 5575 1978 5638 scisitus
1992 5579 2056 5640 etc.

556 5659 602 5809 ‹1lel
623 5658 717 5807 ξιξ(
740 5661 773 5720 et
799 5657 995 5720 tenementis
1019 5658 1055 5720 in
1082 5659 1211 5726 Onsxnv
1234 5664 1270 5723 et
1294 5661 1486 5740 Nonuauss,
1509 5681 1572 5744 que
1588 5665 1748 5724 tenentur
1773 5681 1831 5744 per
1846 5662 2056 5773 medietatem

579 5905 581 5910 ·
598 5887 757 5951 liebertus
772 5885 857 5951 Roos
871 5887 911 5951 dc
926 5885 1063 5973 Gednsy
1077 5889 1112 5952 in
1129 5890 1274 5971 predicto
1288 5891 1460 5970 comitutu,
1475 5891 1579 5971 miles,
1594 5892 1661 5956 init
1675 5892 1805 5956 seisitus
1820 5898 1884 5960 cto.
1900 5893 1941 5958 de
1961 5895 2057 5959 terris

554 5979 587 6046 et
604 5974 800 6040 tenementis
813 5975 847 6036 iu
864 5974 1048 6050 Nouusssu
1063 5981 1098 6041 et
1114 5977 1253 6056 Onsxsv,
1268 5997 1332 6059 que
1345 5983 1499 6050 tenentur
1513 5999 1571 6072 per
1586 5984 1735 6070 quartam
1751 5987 1879 6070 partem
1901 6002 1957 6047 uu.
1972 5983 1996 6051 f.
2011 6003 2055 6053 m.
