5000 7050
1119 1075 1199 1139 Ar).
1225 1077 1320 1140 1428.

749 1364 864 1431 Frons
887 1364 1120 1433 WILLELMI
1143 1388 1183 1431 cr
1205 1365 1390 1432 RiosRDI
1412 1366 1473 1430 DE
1497 1364 1685 1431 PEERCY.

512 1524 559 1587 De
585 1522 699 1611 abbate
725 1524 766 1588 de
789 1525 995 1609 Kyrkestede
1019 1548 1077 1608 pro
1102 1526 1176 1611 viij·
1197 1533 1290 1611 perte
1315 1547 1370 1591 un.
1387 1527 1410 1589 f.
1427 1528 1460 1589 in
1488 1526 1740 1592 Gessrosssosr
1766 1528 1800 1588 et
1816 1526 1968 1602 Lorarii,

465 1631 567 1695 quem
581 1612 819 1695 predecessores
836 1614 887 1675 sui
901 1614 1062 1697 quondam
1079 1620 1266 1680 tenuerunt.
1311 1613 1431 1693 Nicbil,
1448 1618 1511 1679 etc.

513 1748 560 1812 De
575 1748 717 1812 Patricio
733 1749 893 1835 Skipwith
909 1757 943 1816 et
959 1750 1078 1832 dicein,
1095 1773 1157 1836 qus
1173 1752 1239 1816 suit
1253 1774 1333 1817 uxor
1347 1750 1507 1817 Jobeunis
1522 1750 1705 1835 Skipwytb,
1722 1771 1779 1834 pro
1802 1749 1855 1836 iij·
1875 1753 1968 1834 perte

465 1856 525 1901 un.
541 1835 565 1902 f.
582 1837 617 1899 in
633 1836 742 1905 Pssvs
760 1840 944 1919 Cerberos,
961 1858 1060 1923 quem
1075 1841 1234 1904 Robertus
1250 1841 1355 1922 Darcy
1371 1841 1535 1923 quendem
1550 1842 1670 1903 tenuit.
1715 1838 1826 1901 Nichil
1847 1835 1915 1914 hic,
1929 1856 1967 1899 eo

466 1923 555 2007 quod
570 1922 713 2007 predicte
728 1926 839 1990 Alecia
853 1932 944 1991 tenet
961 1926 1038 2011 iij⁸¹¹¹
1053 1934 1178 2011 partem
1194 1928 1283 1991 dicte
1309 1927 1362 2014 iij⁰
1383 1930 1486 2011 partis
1511 1928 1644 1990 nomine
1670 1927 1756 1989 dotis
1782 1945 1838 1988 sue
1862 1930 1896 1989 et
1921 1924 1967 1987 sic

467 2012 578 2075 minue
594 2010 670 2097 iiijh
690 2020 783 2096 parte
797 2019 858 2079 etc.

513 2146 563 2209 De
589 2147 727 2212 Ricardo
754 2148 1010 2235 Oheumberleyn
1037 2171 1093 2235 pro
1117 2150 1193 2237 iiijb
1212 2156 1304 2236 parte
1319 2172 1373 2214 un.
1390 2150 1413 2216 fr
1429 2152 1464 2213 in
1481 2150 1655 2217 Omeros
1670 2152 1703 2213 et
1719 2150 1854 2229 Eresos,
1869 2168 1968 2232 quem

469 2232 626 2299 Ricardus
642 2236 900 2321 Cheumberleyn
915 2245 950 2302 et
965 2238 1126 2303 Robertus
1140 2240 1180 2302 de
1194 2238 1363 2324 Legborne
1378 2238 1540 2322 quondam
1555 2239 1665 2300 tenuit
1775 2277 1786 2289 -
1875 2232 1967 2302 ried.

514 2370 563 2434 De
587 2370 718 2436 domino
744 2374 784 2438 de
807 2374 915 2458 Kyme
939 2395 996 2459 pro
1022 2374 1070 2461 iij.
1087 2376 1232 2459 pertibus
1259 2381 1294 2440 eb
1320 2377 1361 2441 xi.
1387 2380 1481 2459 perte
1496 2395 1551 2441 un.
1568 2374 1592 2440 f.
1609 2374 1643 2436 in
1659 2374 1874 2453 Esmcrorr,
1890 2393 1970 2457 ques

469 2456 502 2520 N
503 2458 648 2523 icholsus
662 2460 703 2524 de
718 2459 892 2545 Centilupo
906 2462 1068 2546 quondam
1085 2466 1195 2527 tenuit
1298 2498 1815 2515 ......
1904 2480 1968 2529 ιε.

515 2595 564 2660 De
587 2598 691 2680 priore
712 2597 755 2662 de
782 2597 939 2683 Ormysby
955 2620 1012 2682 pro
1027 2608 1061 2665 x·
1082 2604 1172 2682 parte
1187 2621 1240 2663 un.
1257 2600 1281 2665 f.
1298 2601 1332 2663 in
1349 2599 1497 2684 predicis
1511 2598 1600 2678 villa,
1616 2618 1715 2682 quem
1729 2598 1969 2682 predecessores

472 2683 523 2747 sui
540 2685 699 2767 quondam
716 2690 900 2753 tenuerunt.
945 2687 1065 2767 Nicbil,
1081 2689 1159 2770 quis
1172 2692 1285 2751 contre
1299 2692 1362 2753 etc.

515 2821 563 2886 De
577 2822 749 2888 heredibus
763 2824 784 2888 J
786 2824 922 2891 ohannis
937 2824 1171 2911 Chamberleyn
1186 2846 1243 2911 pro
1258 2827 1303 2889 di.
1319 2826 1341 2890 f.
1358 2830 1392 2890 eb
1407 2823 1479 2910 xiij·
1500 2827 1592 2909 parte
1607 2844 1661 2888 un.
1678 2824 1700 2889 f.
1716 2824 1751 2886 in
1766 2824 1960 2973 Wrmpprd

1769 2930 1929 2997 uJ.e.u1].
1961 2958 1970 2974 .

516 3046 565 3110 De
580 3050 686 3129 priore
701 3050 741 3112 de
758 3049 876 3114 Sixhiil
890 3072 948 3134 pro
963 3052 1006 3115 vi*
1026 3055 1119 3136 perte
1134 3052 1190 3118 u'n.
1207 3052 1230 3115 f.
1246 3054 1281 3115 in
1297 3051 1518 3130 Kerssrrorm,
1540 3070 1637 3135 quam
1659 3049 1898 3132 predecessores
1920 3048 1971 3111 sui

471 3135 634 3217 quondam
650 3142 835 3202 tenuerunt.
880 3139 1000 3222 Nicbil,
1017 3140 1092 3225 quia
1108 3145 1220 3202 contre
1235 3145 1297 3205 etc.

515 3270 564 3334 De
588 3271 738 3337 Johanne
763 3273 913 3359 Raibeby
937 3296 995 3360 pro
1018 3278 1093 3360 iiij“
1113 3282 1205 3359 perte
1228 3296 1284 3340 un.
1299 3274 1323 3339 f.
1338 3276 1374 3338 in
1400 3275 1582 3342 Oovssrrssr
1609 3273 1648 3337 de
1670 3274 1729 3336 ills
1755 3273 1807 3357 iij·
1827 3277 1921 3358 parte
1936 3279 1972 3337 ei

470 3359 532 3442 xij·
552 3365 644 3444 perte
660 3360 794 3440 ibidem,
808 3384 887 3446 quas
902 3364 1092 3448 Reduiphus
1108 3364 1238 3447 Hsuiey
1255 3363 1416 3447 quondam
1431 3363 1539 3426 tenuit
1575 3396 1591 3409 -
1679 3399 1690 3412 -
1780 3401 1791 3412 -
1879 3359 1971 3426 ried.

516 3495 566 3647 Ιίο
579 3496 710 3648 τεῖἷάιιε
723 3498 781 3584 vj‘·
800 3504 903 3583 perte,
918 3522 1015 3586 quam
1031 3501 1197 3585 predictus
1212 3498 1403 3584 Redulphus
1418 3497 1580 3583 quondam
1596 3498 1714 3562 tenuit.
1758 3495 1880 3578 Nicbil,
1895 3460 1972 3582 qbic

471 3605 532 3647 con
548 3605 615 3648 rae
653 3634 661 3652 .

517 3721 566 3785 De
590 3723 778 3787 tenentibus
804 3727 962 3789 terrarum
994 3727 1154 3809 quondam
1180 3726 1261 3788 dicii
1289 3722 1455 3807 Raduiphi
1481 3723 1609 3806 Hsuley
1637 3742 1694 3806 pro
1720 3740 1775 3786 un.
1799 3721 1821 3786 i.
1845 3723 1881 3784 in
1910 3720 1972 3785 hoc

472 3811 680 3965 gpffipbptcet
694 3813 853 3876 comitatu
869 3814 1014 3880 Eboraci.
1058 3815 1089 3878 N
1091 3813 1171 3879 ichii
1185 3811 1251 3891 hic,
1267 3834 1305 3877 eo
1319 3813 1406 3898 quod
1421 3812 1510 3874 locus
1525 3812 1693 3894 ignoratur
1714 3808 1756 3872 de
1779 3828 1844 3891 quo
1865 3809 1970 3873 levare

516 4034 567 4097 De
579 4035 697 4100 abbate
711 4035 751 4101 de
765 4037 968 4122 Kyrkestede
984 4061 1041 4124 pro
1056 4039 1132 4127 iiij¹¹
1152 4047 1245 4125 perte
1261 4058 1317 4104 un.
1332 4037 1356 4105 f.
1368 4039 1403 4101 in
1419 4037 1612 4113 comunis,
1622 4053 1721 4117 quam
1735 4015 1974 4118 predecessores‘

472 4123 523 4186 sui
538 4123 701 4206 quondam
716 4129 902 4194 tenuerunt.
946 4127 976 4189 N
978 4125 1069 4208 icbil,
1085 4130 1162 4211 quis
1175 4131 1288 4191 conire
1301 4131 1364 4190 eto.

517 4258 565 4322 De
588 4259 694 4343 priore
717 4260 757 4324 de
783 4259 938 4347 Ormesby
963 4283 1019 4347 pro
1044 4264 1088 4328 xl.
1115 4269 1208 4349 parte
1231 4284 1289 4328 un.
1317 4264 1341 4328 f.
1365 4263 1498 4341 ibidem,
1521 4279 1619 4343 quem
1649 4258 1891 4342 predecessores
1920 4259 1971 4322 sui

472 4347 637 4430 quondam
653 4353 837 4416 tenuerunt.
882 4349 1004 4431 Nicbil,
1020 4356 1082 4415 etc.

519 4486 565 4548 De
591 4487 695 4569 priore
720 4486 761 4549 de
787 4485 905 4549 Sixbiil
930 4509 987 4570 pro
1010 4490 1162 4574 riperto
1188 4489 1327 4574 predicti
1352 4485 1377 4551 f.
1391 4486 1525 4564 ibidem,
1540 4505 1638 4568 quem
1663 4483 1898 4567 predecessores
1921 4485 1973 4547 sui

473 4573 637 4656 quondam
652 4579 839 4640 tenuerunt.
884 4575 1005 4654 Nicbil,
1019 4583 1080 4644 etc.

519 4704 570 4768 De
595 4706 780 4769 tenentibus
806 4711 963 4770 terrarum
990 4708 1151 4792 quondam
1174 4706 1341 4792 deulpbi
1367 4707 1523 4769 Montour
1545 4725 1603 4788 pro
1618 4705 1690 4789 viij·
1710 4707 1801 4787 parte
1826 4723 1882 4767 un.
1898 4704 1922 4770 f.
1938 4704 1974 4768 in

476 4789 668 4858 Covssnsrr.
713 4792 834 4871 Nicbil,
850 4801 911 4860 etc.

518 4927 567 4988 De
582 4929 686 5011 priore
702 4929 742 4992 de
758 4929 916 5014 Ormysby
931 4951 988 5014 pro
1002 4931 1047 4994 ve
1070 4937 1159 5014 parte
1173 4953 1228 4998 un.
1245 4933 1267 4997 f.
1283 4933 1318 4994 in
1343 4932 1513 5009 Fonsesr,
1538 4948 1636 5013 quam
1660 4928 1898 5011 predecessores
1922 4931 1973 4992 sui

474 5014 636 5098 quondam
653 5020 839 5082 tenuerunt.
884 5017 1006 5097 Nicbil,
1021 5025 1083 5084 etc.

519 5167 568 5229 De
591 5167 715 5231 Thome
740 5165 995 5248 Cumberworbh,
1018 5171 1138 5248 milite,
1162 5190 1220 5252 pro
1246 5171 1290 5235 di.
1318 5172 1340 5233 f.
1362 5171 1397 5232 in
1431 5171 1598 5247 Scirem,
1623 5168 1787 5253 quondam
1814 5168 1972 5232 Wiilelmi

475 5254 600 5337 Ergum
659 5291 1686 5310 -----------
1774 5254 1855 5339 iij.s.
1870 5256 1972 5339 iiij.d.

517 5408 566 5470 De
589 5409 692 5491 priore
714 5409 755 5472 de
777 5407 883 5491 Kyme
905 5429 962 5492 pro
984 5410 1028 5475 di.
1051 5410 1074 5475 f.
1097 5411 1132 5472 in
1158 5409 1351 5486 lorsam,
1373 5407 1457 5491 quod
1480 5427 1585 5469 comes
1607 5405 1648 5469 de
1672 5408 1781 5492 Angor
1808 5407 1970 5490 quondam

473 5497 602 5566 tenuit„
637 5495 748 5559 Nicbil
761 5497 834 5575 bic,
849 5516 886 5558 eo
908 5496 996 5580 quod
1016 5497 1105 5560 idem
1128 5498 1213 5580 prior
1235 5497 1318 5558 dicit
1339 5496 1423 5578 quod
1445 5495 1542 5559 solvit
1565 5501 1609 5558 r¹³
1630 5514 1687 5576 pro
1702 5495 1828 5573 eodem,
1844 5495 1972 5578 quando

472 5584 543 5665 regi
564 5583 795 5662 conceduntur,
817 5603 854 5646 cc
877 5604 933 5667 pro
956 5604 994 5647 eo
1016 5584 1102 5666 quod
1125 5585 1226 5648 iidem
1248 5583 1433 5647 collectores
1455 5588 1517 5648 etc.
1540 5579 1744 5669 [ccrrccdcffl.
1790 5580 1974 5646 Onerantur

474 5689 571 5752 super
585 5677 772 5754 compotum
786 5670 828 5735 de
842 5671 923 5755 iij.s.
939 5669 1041 5756 iiijd.

519 5822 568 5886 De
591 5822 715 5906 Rogero
737 5821 844 5888 Kelke
876 5844 934 5907 pro
964 5824 1010 5892 di.
1033 5823 1056 5891 f.
1078 5825 1113 5888 in
1144 5824 1324 5894 Breuem
1353 5828 1388 5889 et
1420 5824 1586 5900 Roxssors,
1615 5821 1703 5906 quod
1733 5820 1898 5886 Johcnnes
1931 5823 1973 5885 de

476 5910 616 5974 Rorsion
632 5911 794 6000 quondam
810 5912 920 5980 tenuit
965 5949 1685 5968 --------
1771 5907 1854 5994 iij.s.
1869 5909 1972 5998 iiijc.
