5000 7050
533 1080 597 1145 366
1179 1080 1384 1149 LINOOLN.

577 1370 743 1435 Johaunes
764 1370 963 1436 (lamberton
987 1374 1028 1437 de
1053 1373 1118 1437 Leo
1141 1374 1177 1436 in
1199 1375 1359 1438 comitatu
1374 1375 1553 1455 Lincolnie,
1569 1373 1807 1456 husbandmen,
1822 1375 1890 1439 fuit
1903 1376 2035 1438 scisitus

532 1463 595 1525 etc.
611 1460 652 1563 ᾀε
667 1460 800 1524 diversis
814 1461 908 1524 terris
925 1466 959 1524 et
975 1463 1170 1526 tenementis
1185 1461 1220 1525 in
1236 1462 1309 1529 Lan
1324 1462 1359 1526 iu
1375 1464 1512 1545 socagio,
1529 1468 1564 1527 et
1579 1464 1689 1527 valent
1714 1484 1772 1547 per
1795 1483 1919 1528 annum
1947 1464 2035 1528 ultra

536 1567 672 1630 reprrsas
688 1569 774 1613 xxa.

575 1684 759 1747 Willelmus
783 1682 924 1767 Qwixley
948 1686 988 1747 de
1014 1685 1252 1770 Gaynesburgh
1274 1689 1310 1749 iu
1340 1689 1502 1751 comitatu
1532 1688 1711 1768 Lincolnie,
1743 1689 1938 1773 gentilmau,
1968 1687 2033 1750 fuit

532 1773 663 1874 scisitus
686 1778 749 1837 etc.
776 1772 817 1835 de
840 1772 941 1835 libero
963 1776 1151 1838 tenemento
1173 1795 1230 1837 suo
1245 1775 1281 1837 in
1296 1775 1454 1859 burgagio
1469 1777 1504 1838 in
1521 1776 1780 1855 Gsvuasauuoa,
1795 1782 1829 1839 et
1845 1776 1930 1841 valet
1945 1775 2031 1838 ultra

534 1874 670 1943 reprrsas
685 1881 770 1925 xxa.

576 1996 738 2059 iohannes
768 1996 913 2059 Hemson
942 1996 981 2059 de
1011 1996 1249 2083 (iayuesburgh
1278 2000 1313 2062 iu
1343 1999 1504 2063 comitatu
1534 2000 1712 2080 Lincolnie,
1742 1999 1936 2083 gentilman,
1968 1998 2032 2061 fuit

533 2084 663 2147 seisitus
692 2092 755 2150 etc.
782 2085 822 2147 de
848 2084 951 2147 libero
976 2091 1165 2149 tenemento
1189 2087 1223 2147 iu
1250 2087 1510 2165 Gnvvasauuea,
1537 2088 1573 2149 in
1600 2087 1769 2173 burgagio,
1781 2092 1817 2152 et
1830 2088 1950 2151 'valent
1974 2106 2030 2170 per

533 2191 655 2233 annum
671 2170 757 2233 ultra
772 2172 908 2254 reprisas
923 2171 984 2258 iiij.
994 2174 1027 2237 li.

576 2308 733 2371 Ricardus
756 2306 891 2371 Mitiord
908 2308 947 2371 de
961 2307 1093 2371 Mortou
1108 2309 1143 2370 in
1158 2310 1318 2373 comitatu
1331 2309 1513 2390 Lincolnie,
1528 2310 1723 2393 gentilman,
1737 2308 1805 2372 fuit
1822 2309 1951 2373 seisitus
1966 2313 2029 2374 etc.

532 2396 573 2458 de
588 2395 687 2459 libero
702 2400 890 2460 tenemento
905 2416 963 2458 suo
978 2397 1012 2458 iu
1028 2395 1180 2490 Mortuos,
1197 2404 1231 2461 et
1249 2397 1337 2460 valet
1350 2417 1409 2480 per
1423 2418 1548 2462 annum
1563 2398 1649 2461 ultra
1663 2400 1800 2481 reprisas
1814 2397 1892 2495 xla,

575 2532 739 2597 Johannes
754 2533 899 2596 Hamson
915 2532 954 2596 de
970 2530 1123 2597 Stokhitt
1136 2534 1172 2595 in
1187 2534 1348 2597 comitatu
1363 2534 1543 2613 Lincolnie,
1560 2532 1785 2617 fraunkeleyn,
1813 2531 1878 2595 fuit
1901 2532 2031 2595 seisitus

531 2621 668 2792 ime
684 2621 819 2773 {livgersis
842 2623 938 2685 terris
963 2627 998 2685 et
1024 2622 1221 2685 tenementis
1245 2623 1281 2684 in
1307 2621 1482 2702 Srouarrr,
1506 2642 1570 2706 que
1586 2621 1698 2684 valent
1714 2641 1779 2705 »ρετ
1805 2639 1929 2684 annum
1943 2618 2031 2683 ultra

478 2844 482 2851 ’
575 2846 716 2910 Thomas
731 2845 898 2930 Svynford
913 2846 953 2909 de
968 2844 1159 2930 Ketilthorp
1176 2848 1210 2909 in
1226 2847 1387 2912 comitatu
1401 2846 1584 2927 Lincolnie,
1600 2846 1704 2926 miles,
1720 2847 1786 2910 fuit
1812 2845 1943 2909 seisitus
1967 2848 2030 2909 etc.

533 2939 571 2998 ut
593 2934 635 2997 de
660 2933 762 2997 libero
786 2938 971 2997 tenemento
995 2954 1062 3013 suo,
1090 2934 1126 2996 in
1148 2934 1383 3014 Lsonranuou,
1407 2934 1659 3013 Kurrnnrnoaa,
1676 2934 1824 3013 Fnurou,
1843 2938 1878 2996 et
1892 2932 2029 2998 Naurou

532 3041 607 3084 cum
622 3021 842 3105 pertinenciis,
858 3025 893 3084 et
908 3026 1064 3085 tenentur
1078 3041 1136 3105 per
1150 3023 1322 3085 servicium
1337 3042 1394 3088 un.
1411 3022 1435 3087 f.
1452 3041 1497 3087 m.

575 3158 735 3223 Robertus
748 3157 837 3247 Birtt
851 3158 893 3221 de
908 3156 1081 3243 Thornagh
1096 3160 1132 3222 in
1147 3160 1308 3222 comitatu
1324 3158 1546 3244 Notyngham,
1562 3160 1713 3243 armiger,
1730 3159 1795 3221 fuit
1817 3158 1947 3221 seisitus
1969 3159 2032 3220 etc.

516 3245 572 3336 ¹de
587 3246 721 3309 diversis
735 3246 827 3309 terris
843 3251 876 3311 et
892 3247 1091 3310 tenementis
1106 3247 1141 3309 in
1157 3246 1339 3335 Hannwvu,
1355 3259 1390 3312 et
1404 3253 1559 3311 tenentur
1574 3266 1631 3331 per
1646 3246 1818 3310 servicium
1834 3266 1890 3310 uu.
1906 3243 1930 3310 f.
1948 3266 1993 3308 m.

575 3384 721 3466 Rogerus
747 3382 828 3447 Bate
852 3384 893 3447 de
917 3384 1105 3466 Framptou
1122 3386 1158 3447 in
1180 3387 1341 3448 comitatu
1365 3382 1589 3469 Notyngham,
1606 3383 1801 3467 gentilman,
1818 3383 1884 3446 fuit
1900 3383 2030 3446 seisitns

530 3476 592 3537 etc.
609 3473 650 3536 de
666 3472 798 3536 diversis
811 3472 904 3536 terris
917 3476 954 3536 et
967 3472 1164 3537 tenementis
1181 3474 1215 3535 in
1231 3473 1347 3552 Coras,
1364 3478 1399 3538 et
1413 3477 1571 3537 tenentur
1585 3491 1642 3556 per
1657 3471 1831 3536 servicium
1846 3470 1893 3537 di.
1909 3469 1933 3534 f.
1950 3490 1994 3534 m.

574 3610 714 3675 Isabella
735 3610 844 3674 Roche
866 3611 907 3675 de
923 3611 1087 3694 Walcryth
1114 3611 1149 3674 in
1165 3612 1326 3675 comitatu
1344 3612 1523 3690 Lincolnie,
1541 3611 1688 3694 wydove,
1705 3609 1769 3673 iuit
1786 3611 1897 3673 seisita
1911 3615 1973 3674 etc.
1991 3615 2029 3672 ut

530 3700 572 3764 de
586 3698 687 3762 libero
701 3702 891 3763 tenemento
905 3719 962 3762 suo
975 3701 1012 3761 in
1029 3699 1223 3780 Nouusuar,
1240 3705 1275 3763 et
1290 3705 1445 3763 tenentur
1460 3720 1516 3783 per
1531 3698 1703 3762 servicium
1719 3698 1792 3784 viij⁹
1812 3698 1912 3781 partis
1927 3695 1951 3762 f.

577 3837 792 3920 (Heresolicro
809 3847 866 3901 two
884 3838 1018 3920 illegible
1035 3837 1185 3921 entries.)

576 3974 761 4038 Willelmus
791 3973 990 4059 Candelesby
1014 3975 1054 4037 de
1085 3973 1219 4037 civitate
1251 3974 1430 4052 Lincolnie,
1461 3975 1611 4057 armiger,
1641 3972 1707 4034 fuit
1737 3971 1868 4035 scisitns
1897 3975 1960 4036 etc.
1992 3970 2033 4034 de

531 4063 667 4126 diversis
691 4063 785 4126 terris
808 4069 842 4125 et
867 4063 1067 4126 tenementis
1093 4063 1128 4124 in
1157 4061 1282 4141 Srown,
1309 4061 1491 4142 Sesamos,
1513 4062 1723 4139 Bmuuoaar,
1739 4065 1775 4123 et
1798 4059 1949 4138 Maeror,
1965 4078 2029 4145 que

533 4155 686 4213 tenentur
701 4171 758 4234 per
772 4151 944 4213 servicium
961 4169 1016 4215 un.
1033 4148 1055 4214 f.
1071 4169 1116 4211 m.

575 4286 732 4350 Ricardus
747 4285 931 4350 Watterton
946 4287 988 4349 de
1003 4284 1206 4370 Coryngham
1223 4287 1257 4348 in
1273 4286 1432 4349 comitatu
1446 4285 1625 4364 Lincolnie,
1640 4285 1789 4369 armiger,
1815 4284 1880 4347 fuit
1902 4284 2032 4348 scisitus

532 4378 594 4439 etc.
610 4375 650 4438 de
666 4375 819 4438 maneriis
832 4375 874 4438 de
889 4374 1139 4453 Coruncanii„
1187 4422 1194 4437 .
1243 4423 1250 4439 .
1298 4420 1306 4437 .
1353 4423 1361 4439 .
1408 4421 1416 4437 .
1453 4382 1511 4454 ‚et
1526 4375 1769 4442 Garrusauaoa
1787 4370 1838 4452 (i),
1862 4377 1896 4435 et
1920 4372 2030 4436 valent

530 4482 726 4546 perannum
742 4461 829 4525 ultra
842 4463 982 4544 reprisas
997 4482 1058 4527 us.

571 4599 737 4663 Johannes
752 4598 902 4682 Topclyff
913 4599 952 4663 de
969 4598 1124 4685 Somerby
1138 4600 1173 4663 in
1188 4602 1349 4664 comitatu
1366 4599 1546 4679 Lincolnie,
1562 4599 1711 4680 armiger,
1729 4597 1797 4661 fuit
1811 4597 1945 4661 scisitus
1967 4600 2030 4662 etc.

529 4687 730 4858 gigpgisvgrgrls
740 4687 846 4839 sterria
871 4693 906 4752 et
920 4688 1116 4752 tenementis
1130 4688 1166 4751 in
1190 4732 1531 4753 .......
1556 4693 1590 4751 et
1605 4684 1715 4750 valent
1731 4704 1926 4769 perannum
1941 4684 2030 4748 ultra

573 5239 606 5302 N
609 5239 775 5302 .B.—'l'lte
783 5240 949 5321 following]
960 5263 1057 5322 peges
1074 5262 1150 5304 were
1168 5240 1397 5321 irretirertently
1411 5239 1635 5319 orrrittedsrom
1651 5238 1733 5302 their·
1751 5257 1871 5319 proper
1886 5236 1978 5318 place
1994 5235 2030 5297 in

530 5326 578 5388 the
595 5326 690 5389 series
706 5327 744 5407 os
756 5328 975 5391 Lincolnsltire
991 5338 1127 5392 returns.

1070 5563 1191 5640 [Am.
1236 5561 1498 5640 lam-lases

572 5773 709 5838 Rutulus
735 5773 900 5836 feodorum
926 5793 990 5855 que
1016 5778 1169 5839 tenentur
1196 5775 1236 5838 de
1260 5795 1335 5860 rege
1357 5775 1393 5837 in
1408 5775 1515 5857 capite
1529 5776 1565 5836 et
1579 5772 1653 5835 aliis
1669 5771 1805 5835 diversis
1819 5772 1855 5834 in
1870 5771 2030 5834 comitatu

525 5860 694 5926 Lincolnie
710 5861 888 5924 secundum
904 5861 1133 5943 inquisitiones
1147 5863 1224 5925 inde
1241 5862 1343 5925 factas
1358 5882 1465 5925 coram
1480 5859 1633 5947 Philippo
1655 5860 1696 5924 de
1723 5859 1851 5953 witeby
1874 5864 1909 5922 et
1934 5858 2030 5926 sociis

528 5951 595 6015 suis
609 5947 650 6012 ad
665 5946 724 6013 hoc
739 5947 913 6037 assignatis
928 5968 987 6038 per
1001 5949 1107 6033 ipsum
1125 5970 1245 6042 regem.
