5000 7050
1124 1067 1208 1133 AJ).
1233 1069 1328 1132 1428.
1907 1068 1970 1132 285

512 1360 559 1425 De
585 1360 692 1446 priore
719 1361 902 1445 Hospitalis
928 1359 1040 1424 Sancti
1066 1357 1225 1422 Johannis
1251 1377 1309 1441 pro
1334 1357 1453 1442 xxiiij²¹
1474 1361 1565 1440 parte
1591 1377 1645 1422 un.
1672 1357 1695 1422 f.
1723 1357 1859 1436 ibidem,
1873 1377 1970 1440 quam

468 1449 707 1532 predecessores
723 1450 771 1512 sui
789 1449 954 1534 quondam
969 1451 1158 1511 tenuerunt.
1203 1444 1326 1524 Nichil,
1341 1446 1419 1530 quia
1433 1449 1546 1508 contra
1561 1449 1623 1509 etc.

513 1588 562 1650 De
587 1588 693 1672 priore
715 1587 756 1650 de
784 1587 920 1650 Elsham
944 1607 1002 1670 pro
1028 1586 1082 1670 iij·
1100 1589 1192 1668 parte
1220 1604 1275 1648 un.
1292 1585 1314 1648 f.
1343 1584 1376 1646 in
1404 1585 1557 1661 Euentu,
1571 1603 1668 1668 quam
1684 1582 1867 1646 Willelmus
1890 1584 1972 1650 Rate

470 1676 637 1848 ppopdpnirj
647 1673 926 1847 tpnppt.q⁰Nicbil‚
941 1675 1018 1758 quia
1034 1672 1227 1736 decimabile
1250 1668 1454 1758 [cancellat]
1479 1671 1661 1736 Onerantur
1676 1691 1770 1754 super
1784 1677 1970 1755 compotum

429 1956 433 1962 .
514 1900 563 1964 De
578 1899 654 1986 iiij‘·
673 1905 764 1984 parte
779 1920 835 1965 un.
853 1900 875 1964 f.
892 1899 927 1962 in
954 1897 1106 1974 Errasti,
1130 1916 1229 1980 quam
1256 1893 1414 1958 Robertus
1440 1893 1557 1958 Breton
1585 1893 1746 1978 quondam
1772 1898 1892 1975 tenuit,
1907 1917 1971 1961 non

468 1989 665 2072 respondent
679 1989 757 2072 quis
771 1986 903 2050 feodum
918 1987 1100 2070 ignoratur,
1114 2004 1152 2047 eo
1167 1981 1253 2068 quod
1269 1980 1371 2045 nichil
1386 1981 1463 2046 inde
1478 1982 1668 2044 levaverunt
1682 1986 1743 2048 ete.
1767 1979 1971 2072 [cancellat]

410 2077 415 2085 ’
471 2076 654 2140 Onerantur
670 2096 764 2159 super
778 2080 969 2157 compotum
985 2073 1025 2136 de
1040 2093 1092 2136 xx.
1100 2072 1131 2136 d.

513 2214 582 2278 Nec
607 2214 802 2297 respondent
828 2211 869 2276 de
894 2212 1004 2295 aliquo
1032 2207 1221 2294 hujusmodi
1251 2208 1395 2272 subsidio
1419 2207 1464 2272 di.
1489 2208 1512 2274 i.
1537 2209 1570 2270 in
1601 2208 1777 2275 Baoxussr
1801 2215 1836 2274 et
1866 2211 1973 2277 Psevs

471 2302 669 2380 Ismeuon,
685 2301 769 2386 quod
787 2300 969 2364 Willelmus
985 2299 1174 2382 Longespey
1195 2296 1359 2380 quondam
1385 2296 1505 2374 tenuit,
1531 2315 1569 2358 eo
1593 2296 1678 2378 quod
1706 2297 1866 2361 dividitur
1887 2299 1974 2362 inter

470 2389 612 2452 diversos
626 2394 789 2469 tenentes,
804 2386 961 2450 videlicet
976 2387 1062 2450 inter
1072 2385 1273 2448 Willelmum
1289 2383 1466 2466 Brokesby,
1477 2382 1656 2448 Robertum
1673 2383 1811 2468 Bregge,
1823 2385 1973 2450 abbatem

470 2476 511 2541 de
537 2476 696 2556 Nessom,
723 2482 756 2540 et
783 2477 971 2560 priorissam
995 2473 1036 2536 de
1060 2472 1189 2551 Cotum,
1213 2473 1270 2555 qui
1295 2471 1377 2534 illud
1402 2475 1518 2534 teuent
1544 2473 1730 2554 separatim,
1746 2481 1780 2536 et
1795 2473 1886 2537 nulla
1899 2495 1974 2558 pars

470 2585 581 2628 eorum
595 2569 657 2630 etc.
702 2563 823 2643 Niobil,
841 2563 919 2646 quia
934 2566 1047 2625 contra
1061 2566 1123 2624 etc.

516 2703 565 2768 De
580 2712 614 2769 x·
634 2708 727 2786 parte
742 2723 798 2767 un.
815 2703 838 2767 f.
854 2722 898 2766 m.
914 2701 949 2764 in
965 2700 1117 2776 Euentu,
1133 2717 1231 2782 quam
1247 2695 1380 2760 domina
1401 2693 1616 2783 [Margareta]
1637 2697 1678 2760 de
1705 2696 1788 2762 Reos
1811 2699 1973 2784 quondam

471 2792 589 2856 tenuit.
634 2789 758 2869 Nicbil,
772 2791 849 2876 quis
863 2794 974 2852 contra
987 2794 1048 2851 etc.

724 2963 860 3028 Summa
885 2920 1054 3023 feodorum
1066 2918 1164 2984 :-ix.
1181 2917 1298 3022 daupi·
1321 2939 1393 3000 pars
1408 2923 1442 2982 et
1458 2920 1506 3004 vj·
1526 2940 1599 3003 pars
1615 2903 1669 2986 up.
1686 2920 1710 2985 f,

885 3009 1091 3072 denariorum
1101 3005 1260 3092 r-ler.s.
1277 3007 1362 3072 mccl.
1379 3007 1427 3072 ob,

996 3405 1111 3472 Frons
1133 3425 1177 3469 aa
1201 3403 1465 3486 CANTILUPO.

514 3566 563 3631 De
578 3567 646 3651 xvj·
667 3570 760 3651 parte
774 3585 829 3631 un.
845 3564 869 3631 f.
885 3586 930 3631 m.
946 3566 980 3629 in
999 3566 1218 3648 barrabam,
1230 3587 1329 3653 quam
1345 3567 1451 3631 Maria
1461 3565 1502 3630 de
1515 3567 1667 3653 Legbum
1678 3570 1841 3653 quondam
1853 3571 1973 3635 tenuit.

471 3656 594 3733 Nichil‚
609 3655 686 3741 quia
700 3660 813 3717 contra
829 3660 893 3719 etc.

515 3794 562 3857 De
587 3792 759 3856 heredibus
782 3790 918 3855 Rcberti
942 3790 983 3855 de
1008 3791 1071 3856 See
1095 3813 1154 3877 pro
1182 3794 1236 3879 iij·
1256 3798 1349 3878 parte
1375 3813 1431 3860 un.
1460 3794 1483 3862 f.
1510 3794 1546 3857 in
1573 3794 1789 3873 Tranassem,
1811 3793 1975 3881 quondam

472 3880 638 3964 Radulpbi
660 3879 787 3944 Bulbelt
888 3918 899 3931 -
990 3918 1001 3931 ·
1600 3922 1611 3933 ·
1700 3882 1769 3967 ijs.
1786 3882 1860 3965 ijd.
1877 3885 1975 3968 ob.q¹¹

515 4019 564 4081 De
578 4018 766 4082 tenentibus
781 4022 940 4081 terrarum
956 4017 1116 4101 quondam
1128 4016 1289 4082 lobannis
1299 4018 1478 4101 Dawbeney
1491 4040 1549 4103 pro
1564 4039 1619 4083 un.
1630 4019 1653 4084 l.
1665 4040 1708 4083 m.
1724 4019 1761 4082 in
1771 4020 1974 4087 Wrrfflrsas.

395 4115 401 4124 '
472 4105 585 4169 Nichil
620 4105 684 4183 hic,
719 4107 796 4189 quia
831 4104 992 4169 dividitur
1029 4108 1203 4188 separatim
1232 4110 1319 4170 inter
1349 4106 1490 4169 diversos
1521 4110 1682 4185 tenentes,
1707 4107 1859 4172 videlicet
1889 4109 1976 4173 inter

471 4195 641 4257 dominum
666 4194 707 4257 de
734 4192 871 4271 Souche,
895 4191 1075 4254 Patricium
1097 4192 1274 4278 Spypwyth
1295 4195 1375 4273 (sic),
1391 4193 1574 4257 Jchannem
1596 4194 1760 4277 Legburn,
1774 4195 1975 4260 Willelmum

471 4281 663 4365 Dawbenay,
678 4286 713 4345 et
727 4281 877 4344 abbatem
892 4280 932 4342 de
947 4277 1155 4359 Kirkestede‚
1170 4287 1203 4344 et
1220 4280 1329 4354 nullus
1344 4301 1455 4344 eorum
1470 4288 1533 4347 etc.

515 4420 565 4483 De
586 4420 691 4504 priore
714 4418 895 4502 Hospitalis
921 4416 1032 4481 Sancti
1061 4416 1220 4482 Johannis
1249 4439 1309 4503 pro
1337 4418 1390 4503 iij·
1411 4426 1503 4501 parte
1534 4438 1589 4483 un.
1613 4420 1636 4486 i.
1660 4419 1694 4482 in
1722 4420 1847 4500 eadem,
1876 4442 1975 4504 quem

471 4508 706 4590 predecessores
731 4509 782 4570 sui
811 4505 974 4590 quondam
1005 4510 1193 4569 tenuerunt.
1253 4505 1363 4570 Nichil
1401 4504 1606 4593 [cancelled].
1667 4506 1850 4571 Onerantur
1880 4530 1975 4592 super

470 4599 657 4678 compotum
672 4594 711 4657 de
726 4593 797 4679 ij.s.
813 4595 887 4679 ij.d.
903 4595 950 4659 ol).
966 4600 1013 4678 q‘.

513 4732 561 4796 De
575 4732 691 4796 abbate
706 4732 746 4796 de
762 4731 964 4815 Kyrkestede
979 4752 1037 4815 pro
1052 4731 1105 4817 iij·
1119 4737 1208 4815 parte
1224 4750 1281 4797 un.
1298 4732 1320 4794 f.
1338 4731 1373 4793 in
1397 4731 1521 4809 eadem,
1544 4754 1641 4815 quam
1665 4734 1900 4815 predecessores
1923 4735 1974 4797 sui

469 4822 632 4994 pjupmiliarp
654 4826 847 4973 gpnuemnt.
893 4819 1016 4897 Niehil,
1046 4821 1123 4904 quia
1152 4819 1345 4883 decimabile
1379 4816 1582 4906 [cancellari]
1628 4822 1907 4904 Superonerantur
1936 4824 1975 4887 de

512 5045 561 5108 De
578 5044 742 5107 Willelmo
757 5044 965 5108 Barkeworth
979 5051 1014 5107 et
1028 5044 1193 5108 Willelmo
1209 5044 1338 5127 Hauley
1353 5065 1410 5127 pro
1425 5044 1468 5107 di.
1486 5043 1508 5109 f.
1525 5046 1560 5108 in
1579 5044 1690 5111 Soura
1706 5046 1874 5125 Lirem,
1889 5048 1974 5132 quod

471 5132 631 5196 Hearicus
650 5132 776 5215 Hillary
792 5133 955 5214 quondam
971 5134 1079 5195 tenuit
1166 5171 1177 5183 -
1268 5170 1279 5181 -
1367 5168 1382 5179 -
1471 5169 1481 5180 ·
1572 5172 1583 5183 -
1673 5173 1684 5185 -
1773 5134 1855 5219 iija.
1872 5136 1973 5221 iiijd.

512 5270 559 5333 De
574 5270 687 5333 abbate
703 5270 743 5333 de
759 5268 926 5352 Bardenay
940 5290 998 5352 pro
1012 5269 1088 5353 iiijt·
1109 5274 1198 5352 parte
1213 5289 1270 5332 un.
1285 5267 1307 5333 f.
1321 5270 1355 5330 in
1372 5268 1515 5351 predicta
1530 5270 1618 5350 villa,
1630 5290 1728 5354 quam
1743 5272 1975 5354 predecessores

470 5358 701 5509 sutripuondam
717 5363 905 5420 tenuerunt.
951 5354 1074 5431 Nicbil,
1088 5357 1166 5439 quis
1181 5355 1373 5419 decimabile
1395 5353 1598 5443 [recorded]
1644 5357 1922 5441 Superonerantur
1935 5359 1975 5423 de

516 5580 566 5644 De
594 5580 714 5666 Egidic
743 5578 904 5664 compton
934 5600 991 5663 pro
1020 5580 1058 5665 ij.
1088 5579 1237 5664 partibus
1272 5601 1327 5644 un.
1362 5579 1386 5645 f.
1419 5582 1453 5643 iu
1489 5582 1721 5660 Woarueasu‚
1750 5602 1829 5665 ques
1858 5582 1975 5648 Emms

474 5667 626 5732 Gemouu
658 5668 822 5751 quondam
852 5672 970 5731 tenuit.
1016 5668 1126 5731 Nichil
1156 5668 1220 5747 hio,
1250 5688 1289 5730 eo
1318 5668 1403 5751 quod
1433 5688 1498 5730 non
1528 5674 1620 5731 tenet
1648 5678 1769 5732 terram
1797 5690 1888 5732 suam
1920 5691 1975 5753 per

475 5758 646 5819 servicium
671 5756 825 5834 militare,
841 5761 878 5817 ut
905 5759 998 5838 patet
1011 5775 1069 5838 per
1083 5760 1205 5817 cartam
1222 5776 1314 5818 suam
1330 5756 1484 5838 predictis
1499 5755 1722 5818 collectoribus
1737 5763 1909 5835 ostensam,
1926 5762 1973 5821 set

475 5845 561 5929 quod
575 5848 664 5907 tenet
681 5849 802 5906 terram
817 5863 909 5904 suam
924 5844 958 5904 in
974 5844 1110 5927 socsgio,
1136 5843 1222 5906 sicut
1247 5844 1434 5906 continetur
1460 5847 1522 5906 etc.
1545 5839 1748 5928 [caucelled].
1794 5843 1976 5908 (lucrantur

475 5951 569 6013 super
583 5937 770 6014 compotum
786 5930 826 5994 de
842 5930 936 6014 iiij.s.
954 5950 983 5993 v.
990 5930 1024 5993 d.
1039 5930 1086 5993 cb.
