5000 7050
582 1057 646 1121 632
1217 1060 1453 1125 APPENDIX,

628 1346 720 1409 Idem
736 1347 875 1410 Thomas
890 1352 983 1411 tenet
997 1350 1032 1410 in
1048 1349 1252 1414 Marssuanu
1269 1357 1300 1411 et
1320 1351 1436 1416 Noaru
1453 1350 1640 1415 Tonannau
1651 1349 1678 1432 j.
1696 1349 1719 1413 s.
1736 1355 1771 1412 et
1785 1348 1827 1410 di.
1840 1369 1885 1412 m.
1898 1347 1939 1410 de
1954 1345 2084 1410 ecclesia

582 1432 623 1495 de
640 1433 703 1517 Ely
717 1439 778 1500 etc.
797 1440 844 1513 (aa
862 1437 896 1499 in
914 1438 1023 1514 1346).

626 1571 783 1634 Dominus
821 1573 960 1636 Thomas
997 1573 1106 1652 Barrc,
1145 1573 1298 1652 chirnler,
1336 1581 1429 1638 tenet
1466 1575 1647 1640 manerium
1693 1575 1733 1638 de
1779 1575 2004 1640 Fnounruoas
2051 1571 2084 1633 in

583 1658 820 1725 Hasnmscuau
836 1661 875 1723 de
889 1682 965 1746 rege
980 1662 1033 1726 i.c.
1050 1683 1105 1745 per
1120 1662 1157 1747 ij.
1173 1670 1280 1745 partes
1296 1663 1319 1726 f.
1336 1685 1381 1728 m.

627 1795 720 1858 Prior
734 1796 774 1858 de
791 1797 977 1880 Penteneye
993 1804 1086 1861 tenet
1102 1800 1284 1861 manerium
1296 1769 1394 1861 Asuum
1410 1800 1445 1860 iu
1461 1797 1578 1863 Nonrn
1594 1798 1783 1863 Tnnurrnau
1804 1817 1858 1879 per
1873 1796 2085 1859 medietatem

579 1880 605 1966 j.
622 1883 644 1944 f.
660 1905 706 1948 m.
722 1882 762 1946 de
778 1882 903 1947 Thema
918 1885 958 1947 de
974 1885 1109 1962 Morlee,
1126 1891 1160 1948 et
1176 1887 1265 1949 idem
1280 1885 1421 1948 Thomas
1436 1885 1476 1948 de
1492 1887 1642 1968 episcopo
1658 1885 1782 1947 Ellensi
1796 1890 1858 1948 etc.

627 2018 788 2083 Robertus
817 2019 981 2097 Cokefeld,
1012 2019 1161 2098 chivaler‚
1188 2028 1222 2084 ct
1251 2020 1449 2085 Erretachius
1479 2021 1566 2084 Rous
1596 2027 1709 2085 tenent
1739 2023 1774 2084 in
1805 2023 1873 2085 Esr
1897 2021 2086 2085 Tunnsuau

584 2108 766 2170 manerium
782 2114 931 2170 vocatum
959 2110 1246 2174 Connrnnnusnnn
1271 2116 1305 2172 et
1329 2110 1653 2174 Honuwnnnnnannn
1677 2129 1734 2192 per
1745 2108 1771 2192 j,
1787 2108 1809 2171 f.
1826 2131 1872 2172 m.
1888 2108 1930 2170 de
1955 2107 2087 2169 domino

583 2195 706 2256 Thoma
722 2194 864 2272 Bardolf,
882 2205 915 2258 et
930 2195 1017 2258 idem
1032 2195 1173 2259 Thomas
1188 2197 1227 2258 de
1243 2217 1326 2280 rege,
1345 2204 1383 2259 ut
1397 2196 1437 2260 de
1453 2197 1582 2260 baronia
1599 2196 1639 2259 de
1657 2196 1882 2279 Wyrmegeye.

626 2332 810 2396 Willelmus
835 2333 976 2398 Everard
1001 2341 1034 2396 et
1060 2333 1245 2397 Willelmus
1272 2333 1433 2420 Jerbrygg
1459 2339 1571 2398 tenent
1596 2335 1778 2398 manerium
1803 2334 1844 2396 de
1862 2334 2005 2398 stnau
2033 2352 2088 2415 per

582 2421 753 2482 servicium
768 2420 792 2504 j.
809 2420 832 2484 f.
849 2443 894 2485 m.
910 2423 950 2484 de
965 2423 1109 2485 manerio
1124 2422 1162 2484 de
1179 2421 1357 2484 Fornesete
1372 2422 1458 2505 quod
1474 2423 1572 2486 estin
1590 2443 1687 2484 manu
1703 2423 1787 2506 regis
1802 2423 1929 2483 racione
1952 2420 2087 2482 minoris

584 2507 682 2569 etatis
696 2508 822 2570 domini
837 2507 961 2572 Thome
976 2508 1181 2592 Monmbray.

627 2643 790 2709 Johaunes
814 2645 948 2729 Gnrnay
974 2652 1066 2709 tenet
1093 2648 1127 2708 in
1153 2647 1389 2712 Hannrnousu
1415 2647 1439 2732 j.
1456 2647 1479 2711 f.
1496 2669 1541 2712 m.
1568 2648 1609 2709 de
1633 2645 1765 2711 domino
1791 2646 1914 2708 Thema
1943 2643 2087 2718 Bardoli,

583 2728 735 2810 chivaler,
750 2738 784 2795 et
799 2734 887 2796 idem
903 2733 944 2796 de
959 2755 1043 2817 rege.

628 2867 720 2931 Prior
733 2869 774 2931 de
789 2868 1011 2932 Charterhows
1026 2874 1121 2933 tenet
1137 2873 1317 2934 manerium
1334 2871 1374 2932 de
1390 2872 1576 2938 qusssnnn
1591 2871 1632 2934 de
1647 2872 1766 2934 comite
1782 2868 2040 2952 Rychemondie,
2051 2875 2088 2930 ut

583 2955 624 3017 de
638 2954 754 3019 honore
776 2957 816 3019 de
840 2957 1062 3041 Rychemoud,
1080 2978 1137 3039 per
1151 2965 1299 3041 quartam
1316 2964 1441 3042 partem
1454 2959 1481 3040 j.
1498 2960 1520 3024 f.
1537 2958 1740 3042 quiquidem
1756 2956 1973 3021 honorastin
1989 2976 2087 3020 manu

584 3045 669 3126 regis
685 3052 749 3108 etc.
770 3051 817 3121 (os
834 3047 960 3127 bellare).

627 3179 819 3242 Edmundus
835 3179 1010 3265 Swathyng
1025 3187 1117 3244 tenet
1133 3182 1312 3244 manerium
1330 3202 1423 3244 suum
1440 3184 1474 3244 in
1485 3183 1708 3248 Rusuansrou
1724 3203 1799 3244 cum
1815 3181 2007 3244 tenentibus
2023 3184 2086 3245 suis

584 3286 642 3348 per
656 3267 679 3350 j.
696 3267 719 3328 f.
735 3289 780 3331 m.
797 3267 837 3329 de
852 3269 1000 3351 episcopo
1015 3268 1149 3344 Eliensi‚
1167 3276 1200 3331 et
1217 3268 1305 3330 idem
1322 3269 1461 3353 detege.

628 3415 715 3477 Uxor
729 3434 831 3498 nuper
845 3415 1060 3499 Beuyngleld,
1077 3417 1118 3478 de
1132 3418 1292 3479 comitatu
1309 3419 1466 3495 Eumenis,
1483 3424 1517 3480 et
1532 3417 1709 3499 parceuarii
1724 3417 1773 3479 sui
1798 3421 1913 3480 teuent
1937 3425 2042 3482 terras
2056 3426 2085 3483 et

586 3508 774 3567 tenemeuta
799 3502 962 3586 quondam
987 3503 1146 3567 Johannis
1173 3503 1332 3567 Beneteld
1358 3506 1392 3569 in
1411 3506 1642 3572 Sorvruunncu
1658 3526 1712 3588 per
1728 3502 1799 3588 vj⁸¹¹¹
1818 3510 1942 3588 partem
1955 3505 1969 3589 j
1976 3556 1984 3570 .
2002 3507 2025 3573 f.
2043 3530 2086 3573 m.

585 3590 721 3653 deduce
736 3591 922 3654 Lancastrie
938 3599 1000 3655 etc.
1022 3598 1069 3669 (aa
1085 3592 1212 3673 before).

630 3742 727 3826 Hugo
738 3741 834 3824 Rory,
848 3742 1043 3825 capellanus,
1054 3751 1086 3806 et
1100 3744 1177 3806 socii
1188 3745 1237 3806 sui
1250 3763 1352 3826 nuper
1361 3742 1485 3807 leoffati
1496 3765 1551 3826 per
1562 3744 1723 3828 Rogerum
1735 3743 1775 3806 de
1786 3742 1962 3823 Welsham,
1974 3752 2087 3811 tenent

586 3833 687 3892 terras
709 3834 744 3891 et
766 3835 956 3893 tenementa
985 3832 1147 3913 quondam
1173 3831 1332 3893 Johannis
1350 3830 1442 3893 Wace
1465 3832 1500 3892 in
1531 3832 1711 3905 Tuussrors
1741 3838 1774 3894 et
1807 3830 2011 3899 Marssuanu
2035 3854 2088 3917 per

585 3923 873 4087 {pappppmpgretppn
884 3916 912 3999 j.
929 3918 951 3980 f.
968 3938 1013 3981 m.
1030 3916 1070 3981 de
1084 3918 1209 3979 Thoma
1223 3916 1368 3992 Bardolf‚
1383 3924 1417 3980 et
1431 3918 1519 3981 idem
1535 3919 1575 3981 de
1591 3938 1679 4000 rege,
1697 3922 1736 3980 ut
1761 3918 1930 4001 parcellam
1956 3920 2086 3985 baronis

629 4153 793 4218 lohannes
808 4154 918 4234 Skeet,
934 4156 1131 4237 capellanus,
1148 4161 1240 4219 tenet
1255 4158 1290 4217 in
1307 4157 1441 4222 Latmos
1458 4162 1492 4220 et
1509 4158 1714 4224 Susannam
1730 4158 1774 4224 di.
1791 4165 1897 4241 quart.
1913 4160 1939 4245 j.
1956 4160 1978 4225 f.
1992 4184 2038 4227 m.
2051 4161 2089 4224 de

586 4242 746 4306 Michaele
761 4242 802 4305 de
817 4242 988 4325 Ponynges
1003 4250 1066 4308 etc.
1087 4248 1134 4321 (aa
1151 4246 1184 4308 lu
1203 4247 1312 4321 1346).

628 4396 786 4460 liebertus
816 4397 963 4475 Knolles,
993 4398 1145 4475 chivaler,
1168 4406 1203 4462 et
1227 4398 1332 4461 Alicia
1362 4398 1444 4481 Baly
1472 4406 1583 4462 tenent
1607 4400 1641 4461 in
1669 4398 1873 4466 Susenousrr
1903 4406 2087 4466 tenemento

585 4484 930 4650 pppnpgrrpnltlafflrclphi
945 4485 985 4547 de
1002 4484 1207 4569 Shypedham
1224 4491 1258 4548 et
1274 4486 1416 4549 Simonis
1432 4486 1539 4549 Brake
1554 4508 1612 4569 per
1628 4486 1787 4551 decimam
1815 4496 1941 4570 partem
1959 4488 1986 4572 j.
2004 4490 2027 4555 s.
2044 4512 2086 4556 m.

629 4724 834 4788 Rodelandus
866 4726 933 4803 (sic)
967 4728 1036 4787 atte
1074 4724 1175 4802 Rode,
1205 4725 1404 4808 capellanus,
1434 4725 1593 4789 Robertus
1621 4725 1722 4807 Reve,
1750 4725 1914 4791 Johaunes
1950 4730 2086 4815 Puntys,

584 4812 728 4896 Rogems
751 4812 875 4889 Penne,
893 4819 928 4874 et
952 4814 1132 4894 parcenarii
1157 4813 1218 4890 sui,
1236 4819 1352 4875 tenent
1379 4822 1482 4876 terras
1497 4820 1532 4876 ct
1547 4819 1735 4877 tenementa
1750 4816 1914 4899 quondam
1930 4816 2086 4881 Willelmi

584 4906 655 4963 atte
679 4898 770 4962 Rode
794 4900 829 4960 in
856 4898 1073 4976 samsonis,
1089 4900 1241 4978 staam
1267 4906 1302 4962 et
1326 4900 1459 4965 Luaron
1486 4921 1544 4983 per
1567 4906 1719 4983 quartam
1745 4908 1872 4985 partem
1898 4904 1923 4989 j.
1939 4904 1963 4965 f.
1977 4926 2023 4971 m.
2048 4905 2087 4967 de

584 4986 709 5050 Thoma
725 4984 860 5049 Bardolf
870 4992 931 5049 etc.
953 4992 1000 5064 (os
1017 4987 1135 5063 ahora).

628 5139 811 5202 Willelmus
842 5138 1029 5202 Mantesson
1064 5142 1125 5216 (ic.
1157 5139 1367 5218 Mandeston)
1402 5146 1492 5203 tenet
1521 5142 1554 5203 in
1582 5140 1699 5206 Nonrn
1725 5141 1913 5207 Tsoauuau
1940 5150 2084 5226 quartam

584 5236 710 5311 partem
720 5227 748 5311 j.
767 5226 788 5292 f.
805 5248 851 5292 m.
868 5226 908 5290 de
923 5226 1071 5290 manerio
1085 5226 1125 5289 de
1143 5228 1288 5312 Ausyng,
1302 5227 1387 5310 quod
1403 5226 1546 5291 Thomas
1560 5228 1601 5291 de
1618 5228 1740 5293 Morlee
1768 5235 1858 5294 tenet
1883 5230 1925 5293 de
1949 5252 2036 5317 rege,
2051 5238 2084 5293 ut

584 5317 625 5378 de
635 5315 711 5399 jure
726 5316 832 5391 Anne,
846 5315 954 5377 uxoris
971 5334 1039 5390 sue,
1054 5321 1105 5376 set
1121 5334 1178 5398 per
1192 5316 1278 5397 quod
1294 5326 1356 5379 etc.
1371 5316 1534 5401 ignorant.

588 5573 598 5645 (
627 5478 811 5640 Abhpsfflpp
846 5476 1031 5560 Wendlyng
1068 5482 1160 5541 tenet
1197 5478 1232 5539 in
1271 5478 1495 5544 Rarusasros
1534 5477 1630 5563 viij⁸¹¹¹
1666 5482 1793 5564 partem
1826 5478 1854 5561 j.
1886 5480 1909 5545 f.
1942 5502 1986 5547 m.
2025 5485 2084 5544 etc.

599 5590 635 5632 as
650 5588 686 5631 ao
804 5614 812 5628 .

627 5725 819 5790 Edmundus
849 5724 957 5805 Berry,
988 5723 1146 5787 Ricardus
1175 5725 1266 5809 Davy
1297 5726 1337 5789 da
1369 5726 1619 5811 Wymondham,
1650 5732 1763 5791 tenent
1788 5732 1934 5809 quartam
1966 5736 2084 5813 partem

580 5816 607 5899 j.
631 5814 655 5877 f.
682 5834 728 5878 m.
755 5814 789 5875 in
815 5812 885 5879 Esr
910 5812 1096 5876 Toonsnau
1123 5822 1157 5874 et
1183 5812 1502 5881 Marusuanuanncn
1527 5816 1567 5879 de
1599 5815 1726 5879 Olivero
1756 5814 1848 5891 Gros,
1871 5820 1906 5878 et
1930 5816 2019 5881 idem
2048 5818 2084 5879 de

584 5902 715 5965 domino
730 5899 855 5963 Thema
870 5898 911 5963 de
928 5899 1051 5962 Morlee
1066 5907 1129 5965 etc.
1149 5906 1196 5979 (aa
1212 5901 1340 5984 before).
