5000 7050
533 1089 596 1151 348
1179 1090 1385 1157 LINCOLN.

576 1372 742 1437 Johsnnes
769 1372 935 1454 Copuldelv
958 1374 999 1437 de
1025 1373 1234 1452 Fruhemton‚
1260 1378 1461 1459 gentelman,
1488 1376 1553 1439 fuit
1576 1377 1706 1440 seisitus
1731 1386 1793 1441 etc.
1818 1380 1859 1442 de
1881 1378 1975 1441 terris
1999 1383 2030 1440 et

532 1463 731 1525 tenementis
744 1462 778 1524 in
794 1461 954 1526 Kvsnnnv
964 1461 1061 1545 juxte
1076 1463 1334 1541 Bunnrrvcsmn
1352 1485 1414 1549 que
1431 1469 1585 1528 tenentur
1599 1486 1658 1547 per
1673 1466 1845 1529 servicium
1865 1466 1910 1531 di.
1927 1467 1950 1530 f.
1966 1485 2010 1530 m.

577 1599 742 1664 Johannes
766 1601 853 1683 Gray
877 1600 918 1663 de
942 1600 1093 1685 Ingylby,
1111 1602 1216 1677 miles,
1232 1601 1298 1667 fuit
1324 1605 1457 1667 seisitus
1484 1609 1547 1669 etc.
1563 1604 1602 1667 de
1629 1606 1723 1669 terris
1738 1609 1772 1668 et
1786 1607 1983 1669 tenementis
1998 1606 2031 1667 in

535 1688 795 1767 Mrsssucssnv,
812 1709 873 1772 que
889 1694 1042 1752 tenentur
1057 1710 1114 1771 per
1130 1690 1304 1753 servicium
1320 1691 1364 1755 di.
1381 1692 1403 1756 f.
1420 1713 1463 1756 m.

578 1826 761 1888 Willelmus
783 1824 909 1907 Ryther
932 1847 1034 1910 nuper
1058 1827 1098 1890 de
1122 1826 1334 1911 Westyrkele,
1348 1829 1454 1907 miles,
1472 1829 1538 1891 fuit
1563 1829 1694 1893 seisitus
1718 1835 1782 1895 etc.
1811 1831 1851 1893 de
1875 1829 1972 1893 terris
1996 1835 2029 1892 et

534 1916 729 1977 tenementis
743 1915 777 1975 in
794 1914 1001 1993 Essvsnunn,
1018 1935 1080 1998 que
1095 1920 1249 1979 tenentur
1264 1937 1322 1999 per
1338 1918 1511 1979 servicium
1526 1925 1640 1999 quarte
1655 1919 1759 1999 partis
1775 1938 1831 1980 un.
1846 1918 1869 1982 f.
1886 1938 1931 1981 m.

577 2050 732 2113 Ricardns
759 2048 880 2134 Haugh
906 2051 946 2113 de
978 2050 1110 2135 Haugh,
1134 2052 1332 2135 gentelman,
1360 2058 1394 2115 et
1424 2053 1564 2116 Thomas
1595 2051 1810 2117 Throlsworth
1840 2053 1881 2116 de
1911 2052 2029 2129 Louth,

534 2138 733 2226 genteImen,
759 2137 891 2200 fuerunt
918 2138 1022 2201 seisiti
1048 2139 1088 2202 de
1114 2140 1212 2201 terris
1235 2145 1271 2202 et
1297 2141 1492 2203 tenementis
1514 2142 1548 2201 in
1575 2140 1709 2219 Suessi,
1726 2162 1788 2225 que
1804 2144 1959 2204 tenentur
1972 2160 2029 2223 per

534 2226 706 2291 servicium
721 2225 844 2288 decime
860 2226 961 2308 partis
978 2245 1031 2291 un.
1050 2224 1072 2290 f.
1089 2246 1133 2290 m.
1835 2232 1838 2236 '

577 2363 709 2427 Beetrix
724 2359 830 2424 Leeke
845 2362 885 2424 de
900 2360 1106 2444 Pynchebek,
1120 2362 1228 2441 vidua,
1244 2362 1311 2425 fuit
1325 2363 1436 2426 seisits
1450 2369 1513 2428 etc.
1530 2363 1571 2426 de
1594 2364 1690 2427 terris
1712 2368 1746 2426 et
1770 2363 1970 2427 tenementis
1993 2363 2029 2423 in

536 2454 671 2528 Sistens,
688 2469 750 2533 que
766 2453 920 2511 tenentur
936 2469 992 2532 per
1006 2450 1176 2513 servicium
1191 2456 1302 2513 octsve
1318 2452 1420 2534 pertis
1434 2471 1490 2515 un.
1507 2449 1531 2515 f.
1549 2471 1593 2515 m.

577 2576 771 2639 Laurencius
802 2574 944 2658 Moygne
972 2575 1012 2638 de
1038 2573 1274 2659 Thedylthorp,
1302 2576 1501 2662 genteiman,
1531 2584 1565 2641 et
1594 2576 1758 2640 Johsnnes
1789 2576 1958 2662 Aungefyn
1988 2574 2028 2637 de

531 2666 655 2742 eedem,
671 2662 872 2745 gentelmen,
885 2660 1018 2725 fuerunt
1035 2664 1140 2726 seisiti
1164 2668 1226 2728 etc.
1250 2664 1291 2727 de
1314 2665 1408 2727 terris
1432 2670 1466 2728 et
1491 2666 1686 2728 tenementis
1709 2666 1744 2727 in
1770 2666 1968 2731 Esrvuusnn
1993 2668 2027 2725 et

532 2754 773 2828 Wusrnsnnnn,
790 2769 853 2831 que
869 2754 1020 2815 tenentur
1034 2771 1090 2833 per
1105 2752 1277 2814 servicium
1293 2751 1339 2815 di.
1354 2752 1377 2815 f.
1394 2772 1439 2817 m.
1801 2753 1805 2758 ’

576 2888 740 2953 iohannes
767 2886 963 2950 Muschaunt
986 2888 1024 2950 de
1050 2887 1229 2970 Estyrkele‚
1254 2889 1451 2971 gentelmen,
1479 2890 1544 2952 fuit
1568 2891 1699 2953 seisitus
1723 2896 1784 2953 etc.
1811 2889 1852 2951 de
1877 2889 1972 2952 terris
1995 2892 2029 2949 et

531 2977 726 3042 tenementis
740 2977 775 3037 in
790 2975 998 3053 Esvvstnnnn,
1014 2996 1077 3057 que
1091 2981 1243 3039 tenentur
1259 2997 1314 3058 per
1328 2979 1500 3039 servicium
1516 2983 1629 3062 quarte
1645 2977 1746 3061 pertis
1761 2997 1816 3041 un.
1834 2975 1858 3041 f.
1874 2996 1918 3041 m.

573 3101 736 3166 Johunnes
766 3100 873 3182 Kyme
910 3100 949 3162 de
987 3100 1183 3184 Fryskenny,
1220 3102 1422 3185 gentelman,
1460 3108 1492 3165 et
1530 3101 1696 3167 Jchsnnes
1733 3101 1950 3188 Crystyanson
1987 3101 2026 3164 de

531 3189 754 3275 Bagendyrby,
779 3186 924 3265 clericus,
954 3190 1087 3251 t'uerunt
1116 3190 1220 3251 seisiti
1251 3195 1315 3253 etc.
1340 3190 1380 3252 de
1409 3191 1504 3253 terris
1527 3198 1561 3253 et
1584 3191 1782 3253 tenementis
1812 3211 1853 3253 ex
1882 3191 1966 3252 dono
1991 3195 2026 3251 et

528 3278 736 3341 teoffemento
761 3272 883 3336 Thome
909 3274 1062 3358 Endyrby
1084 3277 1120 3338 in
1143 3276 1307 3342 Mnneusn
1334 3278 1504 3356 Eunvsnr,
1521 3298 1584 3360 que
1610 3284 1762 3341 tenentur
1777 3298 1835 3362 per
1850 3276 2024 3341 servicium

531 3371 644 3449 quarte
658 3363 759 3445 partis
774 3382 830 3425 un.
847 3361 870 3425 t.
886 3382 930 3426 m.

570 3491 591 3556 J
593 3489 737 3554 ohannes
751 3486 921 3553 Ghsvvorth
936 3488 977 3550 de
995 3486 1143 3552 Wereton
1159 3490 1192 3552 in
1208 3490 1368 3554 comitatu
1383 3488 1604 3576 Notynghsm,
1619 3490 1723 3568 miles,
1737 3490 1802 3554 init
1817 3490 1947 3554 seisizus
1961 3493 2023 3554 etc.

527 3581 574 3733 pp]
591 3580 684 3731 tprrnils
708 3584 743 3639 et
767 3576 963 3640 tenementis
986 3577 1021 3639 in
1048 3577 1211 3656 Tornrou,
1240 3600 1304 3661 que
1330 3585 1484 3642 tenentur
1507 3599 1565 3661 per
1592 3581 1763 3642 servicium
1786 3583 1898 3643 octeve
1922 3577 2024 3660 partis

568 3794 734 3860 Johsnnes
751 3791 834 3874 Boys
848 3791 890 3853 de
907 3790 1145 3876 Wellyngovyr,
1160 3812 1286 3875 squyer,
1300 3793 1365 3857 tuit
1380 3793 1511 3856 seisitus
1526 3797 1589 3857 etc.
1605 3792 1646 3857 de
1662 3794 1755 3856 terris
1769 3797 1803 3855 et
1826 3793 2022 3856 tenementis

528 3888 562 3949 in
579 3883 742 3958 Temseu,
758 3899 820 3963 que
834 3885 991 3942 tenentur
1004 3899 1062 3961 per
1076 3880 1248 3942 servicium
1264 3879 1389 3944 decime
1403 3882 1504 3963 partis
1519 3901 1575 3945 un.
1592 3881 1615 3946 f.
1633 3902 1677 3946 rn.

573 4020 731 4082 Walterus
754 4017 911 4100 Tuylbcys
935 4016 975 4079 de
998 4015 1187 4099 Golthsugh
1214 4018 1247 4079 in
1278 4021 1439 4081 comitatu
1470 4018 1652 4095 Lincclnie,
1681 4039 1782 4102 sqyer‚
1800 4022 1834 4080 et
1858 4016 2024 4081 Johannes

527 4108 685 4190 Taylboys
708 4106 748 4168 de
775 4102 992 4187 Stalynburgh
1016 4104 1051 4165 in
1074 4105 1221 4186 predicto
1247 4107 1417 4182 comitutu,
1433 4126 1534 4190 sqyer‚
1549 4106 1682 4169 fuerunt
1707 4106 1811 4169 seisiti
1838 4125 1876 4166 er
1893 4105 1976 4166 dono
1991 4109 2026 4165 et

526 4195 733 4260 feoffsmento
769 4190 933 4274 Reduiphi
973 4189 1138 4253 Cromvveil
1174 4192 1214 4254 de
1250 4191 1430 4275 Tstyshall,
1466 4193 1595 4269 militis,
1632 4197 1694 4256 etc.
1726 4192 1766 4254 de
1804 4193 1947 4254 manerio
1983 4191 2022 4252 de

528 4285 744 4352 Onunsnnssv
759 4299 833 4340 cum
848 4278 1072 4361 pertinenciis,
1086 4284 1119 4341 et
1135 4279 1260 4342 dictum
1276 4282 1458 4342 manerium
1474 4286 1603 4342 tenetur
1618 4281 1659 4342 de
1674 4279 1767 4342 feudo
1792 4281 1831 4342 de
1854 4276 2022 4360 Tetyshsll

529 4393 585 4456 per
602 4369 771 4433 servicium
787 4366 924 4429 duorum
940 4364 962 4428 f.
979 4386 1024 4428 m.
1041 4366 1204 4449 quondam
1220 4366 1242 4429 J
1245 4367 1379 4429 ohannis
1394 4368 1434 4430 de
1449 4367 1547 4449 Orby.

570 4496 729 4560 Henrieus
749 4491 902 4567 Brcnflet,
916 4511 1019 4574 nuper
1034 4491 1072 4554 de
1090 4491 1256 4576 Whythall
1271 4495 1306 4555 in
1322 4495 1483 4557 comitatu
1499 4495 1654 4576 predicte,
1673 4493 1777 4572 miles,
1802 4492 1869 4555 fuit
1891 4492 2022 4554 seisitus

526 4593 589 4650 etc.
602 4584 642 4646 de
657 4581 751 4645 terris
766 4588 801 4641 et
815 4579 1009 4642 tenementis
1024 4579 1065 4642 de
1079 4579 1173 4644 feodo
1188 4581 1228 4643 de
1242 4579 1421 4663 Tatyshsli‚
1431 4601 1495 4665 que
1509 4588 1663 4644 tenentur
1679 4601 1735 4663 per
1749 4580 1923 4643 servicium
1934 4586 2025 4641 sexte

524 4673 719 4840 pprrlpliplgppj
755 4666 779 4730 f.
812 4687 855 4730 m.
886 4667 920 4728 in
957 4666 1179 4734 Dnnxsrsosr
1215 4689 1290 4730 cum
1327 4669 1546 4751 pertinenciis,
1584 4669 1747 4753 quondam
1784 4667 1941 4731 Johsnnis
1979 4666 2021 4728 de

570 4887 732 4950 Johannes
748 4881 911 4965 Copuldek
927 4881 966 4945 de
985 4883 1177 4967 Huryngtcn
1194 4887 1228 4947 in
1242 4885 1404 4947 comitatu
1419 4884 1576 4968 predicto,
1592 4905 1695 4968 sqyer,
1719 4883 1784 4945 suit
1806 4881 1936 4944 seisitus
1958 4887 2024 4948 etc.

526 4977 566 5040 de
589 4973 684 5036 terris
709 4977 745 5033 et
766 4971 962 5033 tenementis
986 4972 1020 5032 in
1044 4973 1289 5037 Fonrsvnerorv
1304 4992 1378 5035 cum
1395 4973 1611 5053 pertinenciis,
1627 4992 1690 5056 que
1707 4975 1860 5033 tenentur
1873 4968 1913 5030 de
1929 4968 2022 5031 feodo

526 5066 568 5127 de
586 5061 750 5142 Hsstyngs
765 5077 820 5141 per
835 5058 1007 5122 servicium
1022 5079 1077 5122 un.
1095 5060 1118 5123 t.
1135 5080 1179 5123 m.
1196 5059 1360 5143 quondam
1375 5059 1495 5143 Itogeri
1511 5058 1685 5142 Copuldek.

570 5178 736 5244 iohannes
759 5180 865 5262 Kyme
888 5181 928 5244 de
952 5180 1137 5264 Fryslrenay
1158 5182 1194 5242 in
1220 5183 1380 5245 comitutu
1401 5182 1557 5264 predicte,
1581 5180 1779 5265 gentelman,
1803 5183 1837 5242 et
1859 5177 2023 5242 Johennes

526 5276 562 5332 st
584 5268 663 5330 Hail
684 5268 724 5330 de
747 5268 907 5350 Waynflet
929 5271 964 5330 in
987 5269 1145 5331 comitutu
1168 5268 1325 5350 predicto,
1348 5268 1583 5341 husboudman,
1606 5268 1739 5331 fuerunt
1760 5268 1866 5329 seisiti
1896 5271 1958 5329 etc.
1982 5265 2024 5328 de

526 5357 621 5421 terris
643 5361 677 5418 et
697 5356 893 5419 tenementis
914 5356 950 5417 in
972 5356 1160 5421 sturnnr
1183 5362 1218 5417 et
1240 5356 1436 5422 Fuvsnsusr
1451 5376 1523 5419 cum
1547 5355 1766 5438 pertinenciis,
1782 5373 1845 5439 que
1867 5359 2022 5416 tenentur

526 5445 565 5508 de
597 5442 691 5506 feodo
722 5442 895 5505 Meriscelli
932 5463 987 5526 per
1020 5443 1186 5504 servicium
1218 5448 1334 5526 quarte
1364 5445 1465 5526 pertis
1486 5464 1542 5506 un.
1567 5443 1589 5506 t.
1612 5462 1655 5505 m.
1678 5442 1841 5525 quendem
1863 5437 2023 5503 Johennis

527 5531 587 5594 filii
604 5529 745 5594 Simonis
760 5529 820 5592 filii
834 5528 996 5592 Guidonis
1010 5529 1050 5591 de
1066 5527 1240 5612 Waynflet.

570 5667 729 5731 Robertus
755 5665 933 5748 Unsrsvyle
960 5666 999 5727 de
1027 5665 1133 5749 Kyme
1156 5669 1191 5729 in
1214 5668 1373 5731 comitatu
1387 5668 1544 5751 predicto,
1559 5666 1663 5745 miles,
1680 5665 1812 5729 seisitus
1826 5662 1891 5727 fuit
1904 5668 1966 5725 etc.
1983 5662 2024 5725 de

524 5757 622 5820 terris
637 5761 672 5818 et
687 5753 885 5817 tenementis
899 5753 935 5814 in
951 5752 1148 5820 ansnnrvsv
1158 5776 1232 5818 cum
1248 5756 1471 5838 pertinenciis,
1482 5775 1544 5840 que
1560 5759 1716 5817 tenentur
1730 5753 1771 5815 de
1786 5751 1880 5814 feodo
1894 5750 2024 5812 comitis

524 5845 566 5995 gg
582 5842 719 5995 {3351
720 5861 783 6012 ppt
798 5839 971 5903 servicium
986 5847 1100 5925 quarte
1116 5844 1218 5925 pertis
1232 5851 1266 5906 et
1282 5848 1372 5906 sexte
1386 5842 1488 5925 partis
1503 5861 1559 5906 un.
1576 5842 1599 5905 f.
1616 5862 1661 5906 m.
1685 5839 1848 5923 quondam
1871 5835 2025 5902 Nichclui
