5000 7050
577 1078 639 1141 122
1189 1078 1453 1147 LEIOESTER.

619 1362 669 1427 De
702 1366 807 1446 priore
840 1365 879 1428 de
919 1364 1178 1450 Sympryngbam
1207 1386 1265 1449 pro
1295 1370 1410 1448 quarta
1445 1370 1537 1448 parte
1574 1384 1629 1427 uu.
1659 1365 1682 1427 f.
1712 1384 1756 1428 m.
1785 1385 1882 1447 quam
1918 1368 2011 1427 tenet
2041 1366 2078 1426 in

577 1450 840 1517 Tususcuuonou
863 1473 928 1516 non
952 1453 1157 1536 respondent,
1173 1454 1250 1537 quia
1265 1453 1360 1516 solvit
1383 1452 1525 1516 decimas
1550 1451 1633 1514 sicut
1656 1451 1843 1514 continetur
1863 1452 2080 1534 inquisicione

576 1539 731 1621 predicte.
776 1538 978 1620 Subsidium,
994 1539 1090 1605 nihil.

620 1677 669 1739 De
695 1682 812 1759 quarta
835 1682 925 1761 parte
951 1658 1006 1742 un.
1023 1679 1045 1743 f.
1061 1700 1105 1743 m.
1121 1698 1220 1761 quam
1244 1679 1411 1760 episcopus
1436 1676 1672 1740 Lincolniensis
1696 1680 1786 1739 tenet
1801 1676 1835 1739 in
1852 1674 2077 1741 Tuusuasuou

576 1784 641 1827 non
670 1764 875 1847 respondent,
906 1768 983 1849 quia
1014 1766 1111 1829 solvit
1139 1776 1210 1831 x¹¹¹⁸⁸
1233 1765 1362 1849 quando
1392 1774 1450 1829 x¹¹¹⁰
1472 1785 1492 1827 a
1518 1765 1603 1827 clero
1625 1764 1855 1842 conceduntur,
1885 1765 1981 1841 sicut,
2012 1768 2076 1827 eto.

577 1850 777 1930 Subsidium,
794 1851 888 1917 nihil.

620 1987 670 2051 De
695 1995 810 2072 quarte
833 1995 926 2073 parte
951 2011 1007 2054 un.
1023 1990 1046 2054 f.
1063 2010 1107 2054 m.
1123 2010 1223 2073 quam
1246 1991 1333 2073 prior
1357 1989 1398 2052 de
1423 1987 1602 2053 Ghaeombe
1629 1994 1720 2052 tenet
1745 1991 1781 2051 in
1806 1988 1988 2054 Rauennae
2011 2007 2077 2051 non

576 2077 782 2159 respondent,
797 2079 874 2160 quia
888 2077 984 2141 solvit
998 2087 1070 2140 xm·
1084 2080 1169 2141 sicut
1184 2084 1246 2141 etc.
1294 2075 1494 2157 Subsidium,
1504 2078 1599 2141 nihil.

621 2212 670 2276 De
685 2220 799 2297 quarta
813 2221 904 2297 parte
920 2235 975 2278 un.
986 2216 1009 2279 t.
1021 2237 1064 2280 m.
1074 2235 1174 2297 quam
1190 2214 1289 2277 abbas
1299 2214 1337 2276 de
1353 2212 1446 2277 Valle
1461 2213 1521 2277 Dei
1536 2217 1571 2277 et
1585 2212 1683 2277 abbas
1696 2211 1906 2277 Ossllestonie
1915 2218 2031 2278 teuent
2041 2216 2076 2277 in

578 2300 740 2379 Twrsoso
765 2322 829 2364 non
858 2303 1062 2385 respondent,
1085 2304 1162 2385 quia
1189 2303 1319 2365 solvunt
1344 2308 1416 2363 1⁰¹⁸·
1440 2302 1572 2364 domino
1602 2302 1670 2385 regi
1700 2302 1829 2384 quando
1860 2310 1918 2363 x¹¹¹⁸
1943 2322 1963 2364 a
1992 2302 2078 2367 clero

577 2389 808 2465 conceduntur,
822 2389 906 2452 sicut
922 2396 984 2455 etc.
1030 2388 1234 2466 Subsidium,
1249 2389 1344 2453 nihil.

1109 2528 1220 2591 Feoda
1232 2528 1377 2591 militum
1390 2527 1487 2612 z—xj.
1504 2527 1528 2592 f.
1545 2528 1590 2591 di.
1607 2533 1641 2590 et
1664 2533 1729 2589 tres
1755 2532 1864 2611 partes
1889 2528 2081 2593 medietatis

622 2612 756 2678 Summa
771 2616 869 2678 istius
884 2613 1045 2680 hundredi
1174 2636 1229 2679 un.
1245 2615 1269 2678 f.
1284 2637 1329 2679 m.

1110 2702 1297 2766 Subsidium
1311 2702 1495 2767 :-lxxix.s.
1507 2701 1534 2786 j.
1548 2704 1579 2767 d.

1077 3006 1298 3073 Huuosauun
1321 3028 1365 3071 on
1388 3004 1581 3072 GERTRE.

622 3167 669 3230 De
685 3168 851 3233 Willelmo
865 3170 897 3234 le
913 3170 1043 3235 Zoucbe
1058 3191 1117 3254 pro
1137 3171 1317 3235 medietate
1339 3190 1394 3233 un.
1411 3170 1434 3233 f.
1451 3191 1495 3234 m.
1523 3189 1622 3251 quam
1649 3172 1741 3232 tenet
1763 3170 1798 3231 in
1822 3168 2021 3245 Houonrou,
2046 3173 2082 3232 et

578 3276 676 3338 quam
707 3255 863 3321 Ricardus
893 3257 1011 3322 Corbet
1038 3258 1201 3341 quondam
1230 3253 1342 3321 tenuit
1370 3257 1503 3334 ibidem,
1533 3256 1617 3319 sicut
1645 3257 1834 3319 continetur
1869 3257 1904 3319 in
1941 3256 2081 3339 quadam

577 3343 790 3425 inquisicione
815 3345 893 3408 inde
920 3366 1027 3408 coram
1053 3346 1189 3428 prefatis
1214 3344 1440 3408 collectoribus
1464 3364 1504 3407 ex
1530 3344 1636 3406 officio
1662 3363 1720 3407 suo
1745 3349 1840 3426 capta
1860 3352 1895 3407 et
1908 3364 2008 3427 penes
2022 3342 2082 3407 has

577 3431 752 3511 porticulus
766 3440 962 3498 remanente.
1009 3432 1211 3513 Subsidium,
1228 3432 1311 3515 iij.e.
1328 3431 1427 3515 111]Ηά

622 3567 671 3631 De
700 3568 832 3632 domino
860 3571 901 3635 de
931 3571 1021 3656 Grey
1045 3572 1087 3635 de
1113 3570 1258 3635 Codnore
1283 3591 1342 3654 pro
1371 3570 1550 3634 medietate
1578 3589 1634 3634 un.
1663 3569 1687 3633 f.
1714 3589 1760 3634 m.
1793 3589 1891 3652 quam
1929 3573 2021 3632 tenet
2046 3569 2083 3633 in

578 3655 772 3828 iijvinh'iind
787 3663 823 3720 et
845 3679 942 3742 quam
957 3658 978 3721 J
980 3658 1122 3723 ohannes
1137 3659 1225 3742 Grey
1240 3659 1404 3756 quondam
1419 3659 1528 3722 tenuit
1542 3655 1679 3733 ibidem,
1693 3656 1779 3720 sicut
1794 3665 1856 3721 etc.
1881 3655 2082 3734 Subsidium,

623 3880 671 3943 De
686 3881 858 3966 Radulpho
873 3883 1000 3968 Shirley
1014 3906 1071 3968 pro
1085 3885 1265 3948 medietate
1280 3905 1337 3948 un.
1354 3885 1377 3948 f.
1395 3905 1439 3948 m.
1456 3903 1554 3976 quam
1570 3887 1661 3946 tenet
1676 3883 1710 3945 in
1726 3884 1863 3948 Bouron
1888 3883 2033 3960 Novasr,
2048 3887 2082 3946 et

579 3989 677 4050 quam
691 3968 828 4053 Egidius
842 3970 981 4054 Meynill
996 3972 1157 4056 quondam
1173 3973 1283 4035 tenuit
1298 3972 1432 4050 ibidem,
1449 3973 1534 4034 sieut
1550 3977 1612 4035 etc.
1666 3969 1864 4048 Subsidium,
1878 3970 1927 4054 iij.
1937 3993 1963 4034 e.
1980 3969 2080 4053 iiij.d.

624 4105 673 4168 De
688 4105 830 4170 Robertc
846 4108 968 4192 Wyvill
982 4131 1040 4192 pro
1055 4116 1172 4193 quarta
1186 4115 1279 4192 parte
1295 4129 1352 4174 uu.
1369 4110 1392 4173 f.
1410 4131 1454 4173 m.
1471 4129 1570 4192 quam
1585 4113 1676 4172 tenet
1689 4109 1722 4170 in
1741 4108 1901 4186 Srourou‚
1925 4114 1959 4170 et
1983 4127 2083 4191 quam

580 4193 739 4256 Robertus
754 4193 876 4278 Wyvill
891 4216 995 4280 nuper
1009 4199 1117 4260 tenuit
1133 4197 1268 4273 ibidem,
1283 4202 1345 4261 etc.
1392 4195 1593 4274 Subsidium,
1608 4216 1661 4260 xx.
1671 4197 1703 4260 d.

624 4330 673 4392 De
690 4330 821 4396 Simone
837 4333 1012 4417 Norwyche
1026 4355 1084 4417 pro
1098 4341 1214 4419 quarta
1228 4341 1320 4418 parte
1335 4355 1391 4398 uu.
1408 4335 1432 4398 f.
1449 4354 1494 4398 m.
1509 4355 1608 4416 quam
1623 4338 1716 4397 tenet
1737 4334 1771 4396 in
1798 4333 2025 4410 Rementem
2050 4337 2085 4396 et

580 4439 678 4501 quam
695 4419 805 4483 Simon
820 4420 998 4504 Noruycbe
1013 4423 1176 4505 quondam
1191 4424 1303 4486 tenuit
1318 4422 1451 4500 ibidem,
1468 4422 1553 4484 sieut
1567 4432 1630 4486 etc.
1677 4421 1875 4500 Subsidium,
1891 4442 1943 4485 xx.
1954 4423 1986 4485 d.

625 4557 674 4619 De
689 4555 854 4620 Willelmo
867 4557 900 4619 la
915 4559 1044 4622 Zoucbe
1059 4580 1117 4642 pro
1132 4565 1247 4643 quarta
1260 4563 1352 4640 parte
1367 4579 1423 4622 uu.
1441 4558 1464 4622 f.
1478 4578 1522 4621 m.
1535 4577 1633 4640 quam
1647 4559 1738 4619 tenet
1754 4555 1788 4616 in
1804 4556 1926 4634 Busan,
1938 4559 1971 4618 et
1986 4575 2082 4638 quam

581 4643 766 4708 Willelmus
780 4643 813 4706 la
827 4643 955 4709 Zouche
969 4667 1073 4732 nuper
1087 4649 1197 4710 tenuit
1211 4645 1347 4724 ibidem,
1363 4647 1448 4708 sicut
1463 4651 1526 4708 etc.
1573 4643 1773 4721 Subsidium,
1788 4663 1841 4708 xx.
1853 4645 1886 4712 d.

625 4777 673 4840 De
688 4777 853 4844 Willelmo
875 4779 991 4862 Phelip
1015 4801 1073 4863 pro
1096 4780 1275 4844 medietate
1301 4801 1358 4845 un.
1375 4781 1398 4845 f.
1415 4801 1460 4844 m.
1485 4797 1583 4862 quam
1609 4783 1703 4841 tenet
1725 4779 1760 4840 in
1785 4777 2025 4854 Hanououuou,
2050 4782 2085 4841 et

581 4865 881 5036 gffimffiiogannes
917 4867 1096 4951 Dengayne
1132 4869 1296 4951 quondam
1334 4870 1443 4932 tenuit
1480 4866 1614 4954 ibidem,
1652 4868 1737 4929 sicut
1775 4871 1837 4929 eto.
1885 4865 2084 4943 Subsidium,

625 5089 675 5153 De
689 5088 814 5153 Thoma
830 5090 998 5155 Chaworth
1014 5113 1072 5175 pro
1087 5092 1267 5156 medietate
1282 5113 1338 5157 un.
1355 5092 1379 5156 f.
1395 5113 1440 5156 m.
1456 5111 1554 5175 qnam
1569 5094 1661 5154 tenet
1677 5091 1712 5153 in
1729 5089 1910 5168 Mensulas,
1926 5095 1961 5151 et
1986 5109 2084 5172 quam

583 5175 723 5240 Thomas
738 5176 907 5242 Chaworth
923 5180 1085 5263 quondam
1101 5181 1211 5244 tenuit
1225 5180 1360 5260 ibidem,
1378 5183 1462 5243 sicut
1478 5188 1539 5242 etc.
1585 5177 1786 5254 Subsidium,
1800 5177 1883 5261 iiJ'.e.
1902 5177 1962 5260 i1ij.
1974 5178 2006 5241 d.

626 5315 674 5377 De
688 5313 812 5377 Thomu
826 5316 866 5378 de
881 5316 1071 5400 Ardyngton
1087 5337 1144 5400 pro
1158 5322 1273 5400 quarta
1288 5323 1378 5400 parte
1393 5338 1450 5382 un.
1466 5317 1490 5382 i.
1507 5337 1551 5380 m.
1567 5335 1665 5399 quam
1680 5319 1769 5378 tenet
1783 5314 1818 5376 in
1835 5315 2087 5391 Kuossusorou,

581 5408 616 5465 et
641 5423 739 5486 quam
765 5403 905 5488 Egidius
928 5405 968 5467 de
983 5404 1175 5489 Ardyngton
1199 5406 1362 5488 quondam
1387 5406 1494 5468 tenuit
1520 5404 1655 5481 ibidem,
1675 5403 1760 5465 sicut
1775 5409 1837 5466 etc.
1884 5402 2085 5481 Subsidium,
2181 5425 2188 5432 ·

583 5510 635 5553 xx.
646 5492 678 5554 cl.

628 5628 676 5692 De
691 5627 837 5692 Johanne
852 5627 974 5692 Curson
987 5650 1044 5712 pro
1059 5635 1174 5712 quarta
1188 5635 1279 5713 parte
1294 5651 1349 5696 un.
1364 5629 1389 5696 f.
1404 5651 1450 5696 m.
1465 5649 1562 5714 quam
1578 5633 1671 5692 tenet
1685 5629 1720 5690 in
1736 5628 1931 5703 Moussnau,
1939 5633 1973 5689 et
1987 5646 2085 5708 quam

583 5716 723 5778 Thomas
738 5714 860 5778 Curson
875 5736 978 5798 nuper
992 5719 1102 5781 tenuit
1115 5719 1249 5796 ibidem,
1267 5721 1351 5782 sicut
1367 5722 1429 5784 etc.
1476 5715 1678 5793 Subsidium,
1694 5735 1747 5780 xx.
1758 5716 1790 5779 d.

626 5854 675 5917 De
689 5853 874 5937 Margareta
888 5853 1082 5939 Haryngtou
1096 5876 1154 5938 pro
1168 5863 1285 5938 quarta
1300 5861 1390 5939 parte
1406 5876 1462 5920 un.
1478 5855 1501 5917 f.
1516 5875 1562 5918 m.
1578 5873 1676 5936 quam
1692 5857 1784 5916 tenet
1811 5853 1847 5915 in
1875 5851 2086 5930 Gnoassros,

583 5948 619 6006 et
632 5961 731 6026 quam
746 5939 887 6004 Thomas
902 5941 1095 6028 Haryngtou
1110 5944 1271 6026 quondam
1287 5945 1397 6008 tenuit
1408 5942 1544 6020 ibidem,
1560 5943 1644 6004 deut
1659 5945 1723 6007 etc.
1770 5939 1973 6016 Subsidium,
1987 5959 2040 6003 xx.
2050 5936 2087 6006 d.
